3368 5032
771 301 993 367 ..20-

241 483 358 564 ἄλογον
381 481 442 564 γὰρ
464 480 500 544 τὸ
527 483 587 563 μέν
606 477 745 568 <φησι>1)
766 482 855 564 χαλε·
911 482 1027 563 ἄλογον
1035 481 1108 552 τοὺς
1119 481 1178 564 μὲν
1190 483 1523 565 ἀνδρώνουςποιῆσαι

241 590 387 672 πώτερον
417 589 538 670 ῥᾳδίως
563 587 636 658 τοὺς
659 589 856 671 ἀνθρώπους
909 595 968 672 μιᾷ
983 589 1088 671 ἡμέρᾳ
1102 588 1138 651 τὸ
1153 596 1264 671 τεῖχος,
1287 589 1360 660 τοὺς
1376 589 1411 652 δὲ
1426 589 1524 660 θεοὺς

241 702 378 778 ποιῆσαι,
401 694 437 757 τδ
461 695 496 758 δὲ
519 694 633 777 §piculi
657 694 693 758 τὸ
716 697 854 776 καταβα-
911 697 1000 759 ἐννέα
1013 697 1145 778 ἡμέραις
1153 696 1307 761 καθελεῖν.
1332 693 1521 780 (p.174,31.>

241 803 312 875 λεῖν,
344 808 399 866 τοῦ
431 802 642 883 οἰκοδομῆσαι
663 800 736 872 τοὺς
759 800 856 871 θεοὺς
881 799 885 896 l

241 910 341 991 μόλις.
388 911 428 992 (p.
445 906 596 987 17413.)
880 904 884 994 Ι

242 1014 354 1100 Atque
368 1015 465 1078 erant
476 1013 533 1098 qui
545 1014 716 1078 mutarent
727 1013 832 1078 verba
840 1011 984 1098 Homeri,
998 1017 1037 1079 ut
1049 1013 1148 1078 huius
1161 1034 1278 1078 versus
1291 1014 1523 1099 quaestionem

243 1118 424 1186 solverent:
448 1123 479 1185 οἱ
502 1121 536 1184 δὲ
560 1121 749 1184 δασύνουσιν
774 1121 801 1201 (i.
827 1139 853 1184 e.
877 1123 1020 1205 ἑνῆμυρ),
1052 1121 1120 1204 ἴν’ῇ
1144 1124 1178 1184 ἒν
1201 1121 1292 1204 ἦμαρ
1316 1119 1455 1206 (Porph.,
1478 1120 1523 1185 ib.
1613 1200 1617 1205 .

242 1249 271 1312 p.
289 1227 364 1309 174,
379 1227 441 1309 33).
480 1225 524 1290 Hi
547 1226 605 1313 qui
626 1225 752 1292 fuerint
777 1247 819 1292 ex
840 1226 912 1312 ipso
936 1226 1118 1313 Porphyrio
1135 1225 1260 1291 clarum
1284 1225 1334 1310 (ci.
1352 1247 1394 1292 ex
1410 1227 1522 1291 codiee

243 1336 273 1397 Β
295 1355 325 1420 p.
344 1335 418 1415 174,
432 1333 501 1419 27);
532 1334 762 1415 Καλλίστρατος
785 1335 820 1398 δὲ
843 1336 934 1418 ἠξίου
965 1337 1020 1409 ,ἓν
1048 1334 1170 1417 δ’ἧμαρ
1193 1336 1225 1405 ἐς
1247 1341 1367 1417 τεῖχος“
1390 1336 1521 1418 γράφειν

243 1441 467 1523 δασύνονταςῧ)
489 1441 525 1504 τὸ
549 1444 631 1515 „sva
656 1442 722 1505 ἐπεὶ
736 1442 895 1524 μηδέποτε
919 1442 1094 1506 καθ’ἒαυτδ
1113 1441 1145 1504 τὸ
1161 1443 1341 1525 ,,ἑννῆμαρ“
1357 1443 1376 1505 ὁ
1391 1442 1524 1524 ποιητὴς

242 1552 376 1632 εἴρηκεν,
401 1548 478 1611 ἀλλὰ
501 1550 629 1619 πάντως
652 1550 781 1631 ἐπάγων
803 1548 859 1630 τὴν
883 1549 1017 1631 δεκάτην
1040 1551 1078 1629 (e.
1095 1569 1123 1630 g.
1144 1550 1175 1610 A
1192 1546 1233 1611 53
1247 1551 1315 1632 sq).
1360 1545 1523 1612 Videmus

245 1674 321 1737 ergo
347 1653 574 1719 Callistratum
597 1653 880 1739 Aristophaneum
913 1674 981 1719 non
1012 1657 1145 1740 propter
1176 1652 1267 1719 illam
1291 1656 1524 1739 quaestionem

242 1760 378 1826 Homeri
409 1761 512 1826 verba
542 1763 704 1841 mutasse,
736 1761 795 1825 sed
827 1762 1031 1826 commotum
1054 1759 1174 1826 studiis
1198 1781 1284 1846 quae
1308 1759 1457 1826 subierat
1480 1760 1521 1825 de

243 1866 374 1933 dicendi
389 1867 526 1954 ratione
549 1866 733 1932 Homerica.

348 1973 455 2040 Aliter
478 1977 592 2039 autem
610 1973 725 2039 Crates
749 1995 785 2039 se
810 1974 915 2056 gessit
931 1974 1234 2064 cuius‘memoriam
1252 1973 1424 2059 quodiam
1438 1973 1520 2038 miro

245 2081 421 2147 verborum
445 2101 611 2146 consensu
636 2082 790 2166 apertum
812 2080 855 2145 fit
870 2079 1070 2145 Eustatbius
1095 2079 1184 2145 adv.
1202 2080 1354 2165 (89435)
1380 2081 1523 2165 sumpsit

243 2209 285 2252 ex
298 2187 468 2273 Porphyrii
488 2187 605 2272 opibus
623 2208 707 2273 quas
723 2185 887 2272 pleniores
904 2191 984 2252 ante
1001 2186 1114 2252 oculos
1131 2208 1208 2252 eum
1223 2187 1382 2253 habuisse
1396 2189 1522 2252 certum

242 2297 294 2360 est
325 2293 380 2378 (ci.
405 2293 550 2377 Schrad,
579 2293 648 2373 Plo
671 2315 701 2379 p.
722 2293 788 2360 457
817 2315 885 2380 sqq.
906 2292 991 2375 463).
1037 2296 1149 2380 Atque
1181 2293 1412 2377 coniungenda
1442 2297 1524 2359 sunt

243 2399 392 2467 eiusdem
416 2399 585 2466 doctrinae
609 2398 756 2465 frustula
778 2401 812 2464 in
836 2400 936 2467 schol.
960 2403 990 2465 A
1016 2398 1143 2466 Genss
1166 2399 1209 2465 ad
1232 2421 1263 2465 v.

359 2506 452 2572 llust.
477 2528 519 2572 ex
541 2506 735 2592 Porphyri0:
1053 2506 1153 2572 schol.
1176 2508 1207 2570 A
1231 2505 1312 2572 Gen.
1335 2507 1377 2572 Il:

243 2617 277 2679 τὸ
295 2616 329 2679 δὲ
345 2617 524 2699 ,,ε’ννῆμάρ“
539 2640 618 2685 τινες
634 2615 677 2678 δι’
692 2615 763 2685 ἑνὸς
779 2617 853 2699 ppri-
909 2611 1091 2701 ivquopl⁴l
1109 2665 1115 2678 .
1133 2665 1139 2678 .
1164 2617 1238 2678 ἔνιοι
1262 2615 1296 2678 δὲ
1320 2616 1444 2686 δασέως
1467 2617 1522 2679 καὶ

241 2747 339 2806 ponor
361 2748 379 2785 ν
402 2723 455 2786 καὶ
476 2717 708 2809 δασύνουσκν).
738 2720 785 2786 ὧν
801 2723 854 2785 καὶ
909 2721 960 2785 διὰ
998 2729 1053 2785 τοῦ
1092 2721 1163 2792 ἒνδς
1200 2746 1218 2785 ν
1252 2723 1523 2804 ἀναγινώσκουσιν

242 2830 647 2912 ὁΜαλλώτηςΚράτης
663 2830 853 2911 ἕστὶνῆγουν
907 2826 1104 2912 ,,ἑνῆμαρ“,5)
1128 2828 1191 2912 ἵν’ῇ
1214 2837 1292 2912 ,μιᾷ
1314 2831 1447 2912 ἡμέρᾳίί,

242 2937 340 3000 eoae
356 2936 492 2999 Moitloo
508 2937 654 3007 πόλεως·
674 2937 720 3006 ὡς
736 2937 854 2999 ἄτοπον
908 2937 986 3006 ὥςτε
1020 2931 1101 3022 (μὴ)
1139 2935 1338 3023 μειοῦσθαιθ)
1372 2936 1429 3018 τὴν
1458 2942 1525 2998 τῶν

242 3046 307 3125 dcl)
332 3067 428 3126 φησιν
445 3043 597 3126 Ἕλληνας
619 3043 678 3125 μὲν
700 3042 735 3106 τὸ
754 3049 854 3125 τεῖχος
908 3044 997 3106 θεῶν
1039 3042 1187 3124 δύναμιν,
1230 3043 1276 3125 μὴ
1318 3043 1525 3126 δυνηθέντων

350 3222 368 3289 1)
387 3217 436 3289 γάρ
450 3219 582 3289 repetivit
594 3234 740 3289 perperam
753 3218 842 3272 codex
852 3218 927 3289 quod
938 3217 1223 3284 delevitVilloisson.;
1238 3237 1301 3286 φησι
1312 3221 1427 3289 propter
1435 3220 1522 3274 verba

241 3309 385 3364 Eustathii
404 3307 502 3362 statim
520 3308 664 3361 afferenda
683 3307 861 3362 correximus.
890 3307 963 3361 Sunt
983 3306 1058 3361 enim
1076 3307 1147 3361 baec
1159 3308 1247 3362 verba
1260 3324 1332 3379 quae
1346 3307 1410 3361 olim
1424 3308 1524 3363 Crates

243 3398 364 3468 scripsit.

349 3487 368 3555 2)
388 3481 480 3557 ῥᾴδιον
499 3486 572 3550 cod.;
593 3501 662 3539 corr.
681 3484 801 3549 Bekker.

349 3577 369 3644 ³)
388 3575 531 3629 Kammeri
550 3575 712 3629 coniectura
730 3569 847 3626 δασύνων
863 3575 1024 3629 necessaria
1042 3590 1100 3629 non
1119 3576 1170 3628 est.

348 3665 368 3733 ⁴)
389 3665 466 3732 Quae
494 3665 581 3718 verbe
607 3663 738 3718 breviora
765 3663 897 3732 leguntur
923 3662 953 3719 in
981 3664 1043 3718 cod.
1068 3663 1144 3718 Leid.
1175 3663 1224 3718 iol.
1252 3663 1333 3718 sesa
1369 3663 1522 3717 secundum

242 3753 438 3818 Schraderum,
452 3753 512 3820 PIQ
524 3770 551 3824 p.
567 3752 657 3807 17411.
671 3753 739 3806 adl.
752 3752 800 3818 273
824 3751 860 3807 cl.
873 3752 962 3808 schol.
979 3756 1004 3804 T
1020 3752 1056 3808 ad
1070 3769 1110 3808 v.:
1130 3749 1254 3822 ἐννῆμαρ]
1274 3746 1302 3803 οἱ
1316 3750 1366 3820 μὲν
1384 3750 1522 3822 ,,ἑνῆμαρ“

241 3841 278 3913 (ἓν
294 3836 367 3912 ἦμαρ
387 3843 448 3896 cod.
467 3842 631 3912 perperam).

349 3933 369 4002 ⁵)
390 3930 475 3985 Codd.
495 3928 523 3982 ἓν
539 3924 613 4000 ἦμαρ
639 3931 713 4002 quod
739 3929 844 3984 falsum
869 3933 913 3986 est
937 3932 967 3984 et
991 3932 1066 3984 teste
1083 3929 1235 3985 Eustathio
1254 3932 1284 3984 et
1303 3930 1378 4000 quod
1398 3931 1445 4003 qui
1465 3929 1522 3983 duo

242 4021 350 4076 iecerat
367 4021 455 4074 verba
473 4021 506 4073 ut
518 4018 694 4074 Callistratus
713 4019 799 4073 etiam
817 4015 846 4071 δέ
864 4019 1033 4089 particulam
1046 4019 1143 4073 debuit
1156 4019 1316 4073 transferre.
1348 4019 1523 4089 Quapropter

240 4109 393 4176 hedwich„
413 4109 513 4162 AHTK
531 4107 543 4160 Ι
561 4125 588 4178 p.
602 4108 663 4175 337,
674 4108 722 4174 30;
742 4108 785 4162 ed.
798 4109 855 4162 lll
873 4125 899 4179 p.
911 4108 966 4162 484
985 4109 1127 4163 Gratetem
1146 4108 1290 4178 scripsisse
1308 4106 1338 4161 ἓν
1355 4102 1427 4178 ἦμαρ
1446 4106 1523 4161 falso

242 4197 397 4253 contendit.

349 4287 368 4356 ⁶)
388 4284 451 4342 ciere
476 4287 640 4355 μηνιυῦσθαι
667 4290 705 4354 Α;
740 4284 803 4343 dicre
829 4287 973 4355 μειοῦσθαι
998 4287 1066 4341 Gen.
1092 4289 1122 4341 et
1146 4287 1194 4341 alii
1220 4287 1301 4342 codd.
1326 4303 1380 4342 seo.
1408 4285 1521 4341 Dind.l

242 4394 268 4448 p.
282 4376 336 4431 416
354 4393 381 4430 n.
400 4375 437 4430 ad
456 4375 534 4447 1.1o;
552 4392 620 4431 corr.
640 4376 707 4430 ibid.
728 4376 856 4452 Dindorf.

349 4465 369 4536 ⁷)
389 4465 506 4519 Useneri
526 4467 686 4520 correctura
704 4464 732 4520 ὃς
751 4482 801 4535 pro
820 4465 854 4521 dr
872 4465 919 4536 (ci.
931 4465 1073 4521 Wacbsm.
1093 4482 1119 4536 p.
1132 4464 1168 4519 44
1186 4482 1214 4521 n.
1228 4465 1265 4519 ad
1277 4482 1304 4520 v.
1317 4464 1343 4535 5)
1362 4463 1524 4519 necessaria

241 4571 298 4609 non
318 4559 374 4620 est3
394 4570 541 4626 perperam
561 4554 656 4608 omisit
674 4554 817 4610 Wachsm.
837 4556 875 4610 ὄν.
