3368 5032
732 278 952 344 ‚72-

198 455 396 538 μείὸομένοσ
422 453 507 518 611116
531 454 566 519 111
588 456 785 538 μελδόμενος
808 457 967 522 mutavit:
991 455 1054 522 hoc
1071 477 1148 522 vero
1164 456 1294 523 factum
1317 461 1378 540 est,
1404 480 1479 525 cum

198 561 266 626 iam
288 560 323 625 in
347 559 471 626 scholio
488 562 519 624 Β
533 559 656 627 16611116
671 559 807 627 foedato
832 561 913 627 illud
928 564 1106 647 μείὸσμένο
1126 566 1198 630 6116
1215 565 1479 648 coniungebatur

200 688 274 732 cum
305 665 361 733 illo
383 669 604 751 λικαινόμενος
634 689 700 753 quo
732 669 842 754 opinio
875 668 1062 754 explicatur
1084 669 1272 756 Porphyrii,
1303 670 1393 738 unde
1416 673 1479 739 hoc

199 773 327 840 scribae
351 775 509 840 mendum
532 773 629 840 facile
661 774 874 858 intellegitur.
920 776 1024 859 Igitur
1054 776 1183 842 nullum
1215 779 1349 844 omnino
1382 780 1479 857 testi·

200 880 348 946 monium
371 880 535 947 habemus
558 881 802 964 Hermogenem
825 886 914 967 κνίσῃ
938 885 1134 968 μελδόμενος
1156 883 1285 966 legisse.

307 987 433 1068 Quibus
469 988 692 1074 comprobatis
724 990 837 1055 omnia
872 992 986 1055 essent
1021 989 1165 1056 dilucida
1203 989 1378 1077 planaque,
1414 993 1480 1059 nisi

200 1093 322 1161 scholio
349 1095 377 1159 T
388 1093 445 1179 (V)
470 1095 573 1160 etiam
596 1095 663 1160 alia
687 1095 938 1180 exhiberentur;
962 1096 1151 1162 afferuntur
1174 1098 1263 1162 enim
1286 1099 1372 1164 inter
1395 1099 1480 1164 Her-

199 1202 349 1284 mogenis
380 1204 415 1268 et
443 1201 605 1289 Porphyri
636 1204 823 1268 sententias
854 1204 889 1269 et
919 1204 1082 1289 scriptura
1113 1203 1212 1270 huius
1241 1226 1357 1271 versus
1389 1209 1478 1291 κνίση

198 1309 431 1396 μελὸσμένουῑ)
455 1311 491 1374 61
513 1308 734 1395 veriloquium
757 1309 851 1374 verbi
873 1311 998 1394 μέλὸειν
1021 1330 1063 1375 ex
1079 1309 1181 1375 verbo
1198 1312 1289 1396 ἔδειν;
1315 1333 1401 1398 quae
1418 1312 1479 1378 ad-

199 1417 392 1481 notationes
427 1436 502 1481 oum
534 1420 629 1501 parte
665 1437 780 1481 earum
815 1438 901 1502 quae
930 1416 1079 1482 scholion
1104 1419 1132 1481 T
1155 1420 1259 1490 ἄλλως
1282 1418 1418 1504 (Μ6666.
1436 1419 1480 1484 Vl

200 1544 230 1608 p.
242 1521 322 1604 358,
339 1522 392 1610 12)
415 1522 566 1589 continet
589 1521 633 1588 ad
648 1522 788 1588 verbum
805 1527 1000 1605 congruunt.
1035 1524 1132 1590 Hanc
1148 1546 1226 1590 vero
1243 1546 1361 1591 versus
1378 1527 1480 1612 scrip-

200 1632 311 1694 turam
334 1628 552 1713 Hermogenis
584 1651 651 1695 non
684 1651 758 1695 esse
782 1633 915 1716 propter
937 1630 1018 1695 illud
1041 1635 1131 1716 κνίση
1157 1634 1283 1698 certum
1298 1634 1368 1717 est,
1405 1654 1481 1699 cum

201 1736 370 1822 scripserit
392 1735 619 1820 Hermogenes
650 1742 748 1821 κνίσῃ.
796 1736 862 1803 Sed
892 1738 960 1802 iam
991 1737 1217 1823 quaerendum
1249 1742 1302 1804 est
1331 1740 1480 1825 possitne

199 1843 278 1926 fieri,
294 1845 332 1909 ut
349 1846 519 1910 auctorem
534 1844 635 1910 huius
652 1844 836 1931 scripturae
848 1843 1076 1928 Hermogenes
1092 1844 1245 1911 attulerit
1259 1846 1295 1910 in
1310 1844 1392 1911 libro
1410 1868 1480 1912 suo.

200 1951 248 2016 At
270 1950 363 2032 valet
386 1951 511 2037 aliquid
545 1954 661 2018 contra
692 1951 781 2017 hanc
812 1953 1045 2027 coniecturam,
1076 1952 1163 2037 quod
1191 1953 1226 2017 in
1250 1951 1374 2018 scholio
1400 1953 1481 2022 Gen.

203 2058 292 2142 quod
315 2057 349 2123 in
362 2057 581 2141 Hermogenis
594 2057 746 2124 doctrina
761 2057 866 2124 allata
882 2061 953 2123 tarn
969 2059 1106 2140 longum
1122 2060 1175 2123 est
1190 2059 1369 2142 vestigium
1382 2059 1481 2125 huius

203 2165 391 2230 sententiae
414 2163 514 2251 plane
539 2166 650 2248 deest3
674 2169 747 2230 turn
770 2165 889 2229 mirum
913 2170 975 2244 est,
1008 2163 1097 2250 quod
1119 2165 1154 2229 111
1178 2164 1302 2231 scholio
1321 2168 1350 2230 Τ
1367 2169 1480 2249 ἄλλως,

202 2271 266 2336 6161
288 2270 373 2337 haec
405 2272 470 2339 duo
502 2272 680 2338 enuntiata
709 2273 744 2336 in
772 2270 897 2336 scholio
933 2270 1030 2357 T(V)
1061 2272 1202 2336 verbum
1226 2294 1243 2337 e
1268 2273 1369 2342 verbo
1402 2276 1482 2339 sunt

202 2375 315 2461 allata,
340 2380 455 2443 tamen
470 2379 689 2461 Hermogenis
705 2399 773 2443 11611
788 2377 830 2443 fit
846 2378 980 2443 mentio.
1027 2377 1153 2443 Deinde
1176 2377 1232 2444 illo
1249 2379 1343 2445 verbi
1357 2381 1482 2464 μέλὸειν

201 2484 392 2571 veriloquio,
439 2484 536 2570 quod,
578 2506 782 2571 quamquam
820 2484 873 2550 hic
912 2506 972 2549 suo
1010 2483 1082 2550 loco
1121 2506 1189 2550 non
1228 2488 1290 2567 est,
1338 2485 1480 2569 scholiis,

203 2612 289 2676 quae
313 2591 367 2657 hic
394 2594 589 2674 tractamus,
621 2592 802 2678 perspectis
833 2589 886 2676 (cf.
910 2612 1011 2677 supra
1033 2613 1063 2677 p.
1083 2591 1148 2678 70),
1181 2590 1305 2657 scholio
1332 2594 1482 2664 Τᾶίίως

201 2701 290 2765 16616
320 2698 384 2765 hac
419 2720 494 2764 cum
525 2699 689 2784 scriptura
720 2702 792 2764 erat
822 2700 894 2764 arte
923 2718 1087 2764 conexum
1119 2698 1368 2764 demonstratur
1399 2699 1483 2766 haec

201 2806 306 2872 verba
328 2826 396 2871 non
422 2827 497 2871 cum
520 2805 796 2889 Hermogenianis
828 2826 913 2891 quae
944 2806 978 2871 in
1003 2804 1127 2871 scholio
1154 2807 1203 2884 T(
1207 2807 1248 2888 V)
1278 2805 1483 2891 praecedunt

96 2941 97 2944 ¹
202 2934 276 2978 6666
293 2913 535 2996 coniungenda,
553 2913 612 2978 sed
628 2913 671 2978 ad
683 2912 861 2978 verborum
877 2933 1041 2978 conexum
1052 2913 1217 2998 pertinere
1230 2933 1328 2997 quem
1344 2912 1483 2996 praebet

203 3020 352 3086 scholion
377 3022 535 3092 Τᾶίίως.
578 3019 649 3085 Hoc
672 3040 751 3085 vero
777 3018 926 3085 scholion
950 3041 993 3084 ex
1016 3019 1140 3085 scholio
1167 3021 1195 3083 T
1206 3021 1270 3101 (V)
1294 3017 1483 3085 derivatum

204 3149 272 3193 non
296 3148 370 3193 esse
394 3127 483 3213 quod
499 3127 672 3193 contendit
687 3127 891 3209 Hoffmann,
916 3127 935 3191 l.
953 3148 976 3193 6.
994 3148 1019 3191 6.
1043 3149 1073 3212 p.
1089 3125 1156 3192 234
1172 3130 1321 3192 statuere
1337 3126 1484 3208 cogimur

203 3256 245 3300 ex
270 3256 308 3300 eo
332 3234 553 3320 potissimum,
587 3233 676 3319 quod
705 3233 884 3299 callistrati
915 3233 1170 3320 explicationem
1198 3254 1299 3318 quam
1335 3232 1483 3305 scholion

206 3343 356 3414 Τᾶλλως
378 3341 430 3406 his
459 3341 575 3428 paucis
598 3341 709 3406 verbis
742 3340 908 3406 continet:
941 3343 997 3425 τὴν
1019 3341 1153 3424 πιμελὴν
1175 3343 1283 3424 τήκων
1306 3338 1358 3425 (cf.
1383 3338 1483 3404 schol.

202 3448 347 3513 Ariston
383 3447 465 3514 Gen.
495 3449 510 3514 I
541 3448 583 3513 ad
618 3450 648 3512 Φ
671 3447 736 3514 363
767 3470 796 3534 p.
821 3448 987 3533 266166.
1010 3447 1061 3529 N.)
1092 3445 1240 3515 scholion
1273 3447 1383 3530 T(V)
1416 3467 1484 3511 non

203 3554 342 3640 praebet
364 3576 473 3641 neque
497 3577 657 3641 umquam
687 3557 727 3621 ut
759 3554 934 3640 opinamur
964 3553 1116 3619 exhibuit
1146 3552 1231 3635 ideo,
1267 3551 1356 3638 quod
1383 3552 1485 3617 fluxit

203 3659 337 3748 Didymi
364 3684 406 3728 ex
430 3662 541 3749 copiiS,
574 3684 650 3728 cum
680 3661 738 3727 illa
766 3660 947 3728 callistrati
977 3660 1201 3747 explicatio
1234 3680 1276 3723 ex
1306 3659 1485 3725 Aristonici

204 3768 287 3834 libro
311 3772 402 3834 esset
425 3776 569 3856 sumpta.
615 3769 719 3852 Igitur
735 3768 798 3834 hoc
814 3767 962 3834 scholion
989 3769 1017 3832 T
1035 3769 1139 3839 ἄλλως
1161 3767 1195 3830 111
1213 3764 1360 3830 6611611611
1381 3767 1409 3829 Τ
1416 3766 1482 3849 (V)

206 3876 294 3961 quod
325 3897 367 3942 ex
389 3876 563 3963 Porphyrii
593 3875 675 3942 libro
699 3875 915 3960 promanavit
937 3896 959 3940 a
982 3874 1097 3940 scribis
1125 3892 1297 3959 perperam
1320 3873 1484 3937 insertum

206 4004 279 4048 esse
304 3982 570 4050 demonstratum
594 3983 683 4070 esti)
730 3982 803 4063 Qua
835 4003 933 4048 exre
958 3981 1108 4067 sequitur
1131 3979 1374 4062 Hermogenem
1397 3978 1485 4044 hanc

203 4111 418 4120 ——-——.

312 4179 330 4249 ²)
349 4180 423 4252 κνίσῃ
438 4181 472 4246 Τ;
491 4181 566 4245 κνίση
584 4181 610 4235 V
627 4179 703 4250 quod
723 4182 798 4233 16616
816 4194 846 4233 66
864 4177 969 4232 habere
982 4176 1192 4230 demonstratur
1210 4174 1399 4244 explicatione
1412 4190 1486 4244 quae

205 4269 384 4338 subsequitur
405 4267 454 4332 τὴν
472 4270 567 4320 κνίσσν
590 4271 620 4322 61
645 4285 688 4332 66,
713 4266 789 4337 quod
812 4282 885 4337 quae
911 4266 1050 4319 elementa
1068 4263 1194 4319 servavit
1212 4263 1341 4318 scholion
1362 4258 1487 4318 Turne

204 4353 382 4425 ἡμελλσμένσυ
401 4359 565 4427 corrigenda
583 4361 650 4411 sunt
668 4361 744 4411 16616
763 4355 861 4425 procul
880 4354 964 4409 dubio
983 4354 1012 4407 in
1033 4353 1161 4419 <κνίσ>η
1178 4349 1347 4420 μελδομίνσν.

312 4448 331 4516 ²)
352 4447 484 4502 Scholion
500 4444 617 4502 Τᾶίλωε
636 4464 670 4501 ex
689 4444 885 4500 diversissimis
903 4443 1032 4498 frustulis
1042 4443 1234 4514 conscriptum
1253 4446 1307 4496 est:
1328 4458 1392 4496 cum
1411 4440 1486 4495 enim

205 4536 294 4604 prima
313 4536 460 4591 adnotatio
480 4538 516 4592 ad
534 4537 644 4591 scholia
663 4537 732 4591 Gen.
761 4533 910 4588 referenda
934 4533 979 4598 sit,
1010 4534 1101 4587 altera
1129 4536 1159 4586 61
1178 4534 1280 4601 quarta
1298 4529 1486 4584 adnotatione
