3368 5032
730 288 952 354 -10-

199 467 402 552 praebentur
433 487 475 532 ex
506 466 669 552 uberiore,
700 488 768 533 non
791 469 906 533 tamen
928 466 1106 550 integriore
1129 466 1224 532 fonte
1256 469 1337 533 sunt
1368 467 1481 533 allata.

200 572 394 655 Agathoclis
422 595 501 639 vero
532 574 656 640 mentio
686 573 843 639 hocloco
868 576 1005 640 servata
1037 595 1111 640 cum
1136 573 1262 639 Crateti
1290 573 1356 660 ipsi
1380 573 1481 639 debe-

200 683 277 746 atur
306 678 350 766 (v.
372 679 461 745 infra
484 701 511 765 p.
532 680 571 745 13
597 684 666 766 sq.),
695 680 949 746 Parmenionem
973 689 1008 746 et
1031 679 1198 746 Oratetem
1222 679 1378 745 attulisse
1402 701 1481 745 con-

200 786 369 853 tendimus
402 789 436 852 et
459 786 679 868 Agathoclem
703 807 802 872 quem
826 784 916 872 apud
940 785 1108 852 Cratetem
1132 786 1262 852 invenit
1285 784 1482 852 adhibitum.

200 893 301 959 Cuius
333 893 380 959 rei
412 896 646 976 argumentum
678 914 716 958 66
748 891 925 978 lucramur,
959 892 1047 979 quod
1079 893 1113 957 in
1146 891 1269 958 scholio
1302 894 1334 957 B
1356 914 1420 959 sec.
1444 893 1481 959 cl.

200 1001 303 1066 etiam
330 999 524 1082 Agathoclis
554 999 725 1065 sententia
755 999 910 1085 quamvis
942 998 1036 1064 initio
1069 998 1185 1065 scholii
1216 999 1282 1065 iam
1314 1000 1483 1086 adscripta

98 1145 100 1149 ι
199 1107 319 1173 iterum
337 1106 400 1173 sub
416 1104 485 1171 11116
511 1126 579 1170 una
602 1127 677 1172 cum
693 1105 913 1171 Parmenione
939 1107 974 1170 et
989 1104 1121 1171 Cratete
1145 1105 1319 1191 profertur,
1344 1106 1416 1172 sive
1440 1127 1483 1172 ex

200 1213 428 1279 Parmenionis
444 1212 527 1278 libro
541 1193 616 1298 ipso
634 1213 705 1277 sive
730 1233 772 1278 ex
795 1215 931 1278 auctore
948 1210 1092 1298 quodam
1111 1212 1168 1298 qui
1192 1234 1255 1278 sua
1269 1213 1483 1285 Parmenioni

200 1319 323 1386 debuit.
371 1320 453 1405 Quis
475 1340 554 1385 vero
575 1318 678 1385 fuerit
701 1319 757 1406 qui
773 1319 985 1385 Parmenioni
1010 1319 1186 1384 materiam
1206 1319 1294 1385 hanc
1318 1319 1481 1385 submini-

191 1430 322 1492 straret
343 1425 445 1509 latet3
478 1447 581 1491 unum
604 1447 684 1492 vero
708 1424 789 1491 illud
808 1447 855 1492 ex
878 1425 960 1511 ipsis
983 1424 1094 1491 verbis
1119 1428 1172 1491 est
1196 1428 1323 1492 certum
1346 1427 1481 1492 Parme-

200 1535 333 1598 nionem
356 1534 413 1599 vel
435 1536 589 1599 auctores
615 1533 687 1598 eius
711 1554 779 1599 non
803 1532 981 1598 editionem
1007 1531 1149 1597 Cratetis
1174 1532 1393 1616 Homericam,
1423 1532 1483 1598 sed

199 1639 320 1705 librum
343 1642 551 1724 exegeticum
575 1644 609 1706 et
632 1641 781 1706 criticum
805 1639 847 1705 ob
872 1639 985 1705 oculos
1008 1639 1177 1705 habuisse.

307 1747 352 1811 Ut
373 1768 452 1813 vero
485 1747 694 1834 exploremus
727 1767 791 1833 quo
824 1768 866 1811 ex
897 1750 1032 1812 auctore
1065 1744 1191 1812 scholia
1222 1745 1265 1810 ad
1295 1745 1412 1811 11591
1448 1749 1482 1810 et

205 1853 298 1918 023
329 1855 404 1939 ipsa
435 1856 570 1919 servata
601 1855 678 1934 sint,
709 1853 794 1919 haec
825 1851 1023 1919 scholiorum
1054 1853 1162 1918 frusta
1193 1853 1305 1918 omnia
1336 1853 1423 1918 inter
1446 1873 1482 1918 se

201 1980 430 2046 comparemus
454 1981 494 2025 66
516 1960 781 2046 pervestigamus
805 1980 942 2025 necesse
967 1961 1028 2024 est.
1076 1961 1146 2040 Quo
1170 1958 1261 2024 16616
1291 1957 1483 2025 efficiuntur

200 2066 300 2132 haec:
324 2067 437 2132 Verba
460 2067 580 2153 quibus
604 2066 747 2133 Cratetis
771 2069 805 2132 et
820 2066 1050 2132 Parmenionis
1074 2066 1203 2131 eteius
1227 2066 1284 2152 qui
1300 2065 1481 2131 Aristarchi

200 2174 253 2238 his
270 2173 439 2239 meliorem
456 2195 529 2240 esse
547 2174 751 2240 sententiam
762 2173 908 2259 putabat
925 2173 1097 2259 opiniones
1114 2173 1255 2238 strictim
1272 2175 1484 2258 exponuntur

201 2280 367 2345 artissimo
391 2279 525 2347 vinculo
556 2282 643 2345 inter
671 2302 707 2347 se
731 2280 964 2363 coniungenda
989 2301 1063 2345 esse
1087 2279 1336 2345 demonstratur
1367 2282 1402 2344 et
1432 2301 1481 2361 eo,

201 2387 290 2473 quod
312 2386 505 2472 parimodo
530 2391 667 2453 exstant
690 2388 725 2451 in
748 2388 843 2471 ΑΒΤ
861 2387 972 2453 Geni
996 2387 1046 2452 Et.
1070 2386 1122 2468 M,
1147 2388 1182 2451 et
1205 2408 1255 2468 eo,
1287 2386 1375 2473 quod
1400 2387 1483 2451 haec

201 2493 372 2584 sententia
394 2515 464 2560 una
487 2493 645 2560 cumillis
670 2497 745 2561 aD
761 2494 841 2560 Gen.
857 2494 886 2558 11
910 2493 1008 2560 abest
1031 2515 1093 2559 nec
1117 2515 1185 2559 non
1209 2515 1230 2559 a
1252 2495 1284 2558 B
1306 2515 1369 2559 sec.
1387 2492 1482 2558 class.

200 2600 258 2665 ubi
274 2599 378 2666 verba
392 2600 622 2666 Parmenionis
646 2600 722 2686 ipsa
736 2600 861 2666 tradita
884 2602 973 2666 611111.
1008 2599 1093 2665 Eum
1117 2603 1231 2666 autem
1256 2601 1313 2686 qui
1336 2599 1482 2685 scripsit:

201 2711 330 2791 ἄμεινον
361 2709 395 2772 δὲ
425 2708 480 2772 τὸν
506 2711 628 2792 βατῆρα
659 2709 756 2791 λέγειν
779 2711 847 2791 ἤτοι
876 2709 933 2791 τὴν
960 2708 1055 2791 φλιάν
1086 2708 1149 2772 ἀπὸ
1180 2715 1236 2772 τοῦ
1259 2710 1377 2791 βαίνειν
1408 2727 1483 2771 cum

200 2813 392 2879 Aristarcho
411 2813 531 2880 fecisse
547 2813 684 2900 planum
703 2808 770 2897 est;
795 2835 904 2900 neque
928 2813 1072 2879 eundem
1096 2816 1132 2878 et
1149 2813 1334 2879 Aristarchi
1358 2815 1392 2877 et
1407 2811 1481 2877 illo-

200 2942 274 2985 rum
298 2923 484 2987 sententias
509 2920 982 3007 1111116116111111611116111
1007 2941 1081 2985 6666
1106 2923 1209 3006 atque
1233 2918 1362 2985 caelum
1387 2918 1482 2984 affir-

201 3028 513 3094 111616616111111666
537 3049 580 3093 611
603 3027 779 3094 enuntiato
804 3049 846 3092 m.
870 3049 895 3092 s.
919 3027 1006 3114 quod
1033 3049 1054 3092 a
1077 3025 1240 3092 vocabulo
1272 3029 1402 3110 ἄμεινον
1432 3027 1482 3091 in-

202 3134 282 3220 cipit
312 3136 346 3199 et
377 3155 419 3199 ex
443 3134 620 3200 verborum
651 3133 764 3200 ordine
788 3134 948 3221 imprimis
972 3134 1088 3199 scholii
1111 3135 1141 3197 A
1173 3136 1207 3200 et
1229 3132 1280 3199 Et.
1304 3133 1346 3199 M.
1370 3133 1484 3216 negari

201 3243 322 3327 potest.
358 3240 518 3306 Videmus
542 3262 617 3324 ergo
641 3240 749 3308 11111.
768 3240 915 3306 ordinem
933 3261 1086 3329 servasse
1101 3241 1275 3307 rectiorem
1293 3240 1350 3326 qui
1372 3241 1483 3304 minus

202 3348 291 3414 absit
314 3370 335 3413 a
358 3346 462 3413 fonte.
508 3347 654 3430 Accedit,
668 3416 673 3428 ,
687 3348 775 3434 quod
807 3350 848 3413 et'
865 3346 1059 3430 Agathoclis
1091 3350 1125 3413 et
1149 3346 1292 3413 Cratetis
1316 3346 1483 3413 doctrinas

202 3458 317 3520 auctor
353 3475 451 3540 quem
483 3454 539 3520 hic
572 3454 737 3520 habemus
762 3440 817 3520 'ex
850 3455 1080 3520 Parmenionis
1114 3453 1197 3519 libro
1233 3453 1297 3518 sibi
1332 3453 1483 3539 sumpsit.

201 3563 305 3644 Igitur
328 3560 529 3644 Agathocles
555 3561 669 3627 Crates
692 3562 867 3627 Parmenio
890 3562 1104 3627 Aristarchus
1136 3561 1171 3625 in
1202 3559 1336 3626 scholiis
1368 3560 1418 3625 Et.
1441 3559 1483 3625 M.

201 3667 380 3734 Eustathio
413 3689 480 3734 uno
512 3667 694 3754 eodemque
730 3689 772 3734 ex
803 3671 939 3734 auctore
970 3667 1065 3733 allati
1099 3670 1180 3733 sunt
1212 3667 1269 3753 qui
1301 3667 1485 3732 Aristarchi

200 3777 323 3860 pressit
354 3775 531 3858 vestigia.1)
578 3763 701 3840 Contra
728 3776 966 3841 adnotationes
998 3782 1160 3846 6κοινῶς
1189 3775 1387 3859 incipientes
1418 3772 1503 3838 alio-

202 3903 244 3947 ex
266 3882 361 3949 161116
385 3886 465 3948 sunt
489 3883 676 3948 derivatae:
700 3903 778 3947 nam
803 3884 946 3968 primum
968 3883 1003 3946 in
1027 3881 1077 3947 Et.
1101 3882 1143 3946 M.
1168 3880 1230 3946 sub
1246 3881 1312 3946 fine
1328 3879 1484 3963 leguntur

202 4010 263 4055 suo
279 3989 362 4073 loco,
381 4010 456 4055 cum
466 3989 500 4054 in
517 3991 580 4054 AB
595 4010 657 4055 sec.
676 3988 713 4055 61.
726 3991 854 4054 rectum
870 3988 1067 4074 perturbent
1084 3987 1248 4071 ordinem3
1266 3986 1383 4053 deinde
1396 4007 1483 4073 quae

201 4097 236 4161 in
263 4095 315 4162 his
339 4098 375 4161 et
396 4097 431 4161 in
454 4095 519 4160 illis
544 4096 677 4162 scholiis
699 4096 854 4161 dicuntur
870 4094 910 4161 de
926 4096 1017 4161 vocis
1033 4098 1132 4180 βηλός
1149 4094 1330 4180 veriloquio
1348 4093 1483 4159 minime

310 4274 329 4344 ¹)
349 4274 514 4329 Sententiae
533 4275 632 4345 quibus
651 4291 677 4328 v.
691 4274 717 4328 d.
738 4290 856 4344 quorum
873 4274 989 4328 nomina
1006 4289 1120 4343 prorsus
1130 4274 1295 4343 ignoramus
1310 4271 1485 4327 contendunt

201 4359 282 4432 βηλόν
308 4363 383 4417 idem
411 4380 473 4418 6666
500 4379 535 4417 66
561 4361 648 4432 πάγον
675 4366 727 4418 aut
752 4359 877 4433 περίοδον
905 4363 997 4416 eidem
1026 4363 1163 4416 debentur
1190 4361 1308 4425 auctori,
1335 4361 1412 4431 quod
1436 4359 1485 4413 ubi

203 4452 316 4507 omnino
336 4455 452 4507 exstant
470 4454 570 4506 eodem
588 4453 720 4521 leguntur
739 4453 802 4506 loco
817 4452 947 4523 quodque
959 4451 1034 4522 apud
1047 4451 1229 4506 Eustathium
1243 4465 1355 4520 quoque
1368 4447 1484 4517 (isaar)

202 4558 266 4595 cum
285 4541 399 4595 Cratete
419 4544 448 4595 61
466 4541 652 4595 Parmenione
671 4543 739 4595 sunt
757 4541 931 4596 coniunctae.
