3368 5032
786 282 1010 348 ..62-

254 464 373 526 contra
383 458 519 527 Homeri
532 459 662 526 dicendi
684 482 784 527 usum
808 461 910 527 etiam
941 460 1030 527 hanc
1052 461 1194 527 Cratetis
1218 462 1442 529 mutationem
1465 482 1539 528 esse

255 587 299 632 ex
330 587 368 632 eo
406 566 560 650 efficitur,
605 565 694 654 quod
728 568 817 654 apud
850 570 984 654 poetam
1015 568 1223 654 participium
1257 589 1323 635 eor.
1365 589 1453 654 pass.
1488 571 1540 634 est

254 675 345 755 ἀλείς,
369 694 437 740 non
460 676 579 746 εῑλθείς.
619 672 685 739 Sed
707 673 740 739 id
756 674 968 761 potissimum
983 674 1037 740 hic
1053 674 1195 741 Cratetis
1210 675 1376 741 rationem
1392 675 1540 741 criticam

254 778 392 864 redolet,
414 780 510 866 quod,
534 783 575 846 ut
590 780 634 845 ab
646 779 790 847 Homero
810 782 950 847 verbum
971 781 1140 866 quoddam
1160 781 1310 848 adhiberi
1333 781 1541 848 demonstret

256 887 344 951 sicut
358 887 429 973 ipse
442 886 557 953 Grates
570 889 709 971 censuit,
721 888 765 953 ab
778 887 873 953 aliis
890 888 1105 974 scriptoribus
1122 889 1316 955 testimonia
1331 888 1430 974 petit;
1445 892 1540 974 patet

256 993 357 1076 igitur
394 994 515 1059 iterum
553 993 730 1059 discrimen
767 995 854 1059 inter
888 997 996 1059 a1tem
1031 995 1179 1060 criticam
1213 997 1249 1060 et
1287 994 1471 1061 Aristarchi
1505 998 1541 1061 et

254 1099 399 1166 Cratetis
423 1099 471 1183 (cl.
495 1121 524 1186 p.
542 1101 585 1166 58
598 1122 644 1186 sq.
668 1121 699 1166 n.
716 1101 757 1187 3).
804 1101 870 1166 Sed
893 1100 944 1166 dev
960 1099 1111 1166 doctrina
1141 1104 1177 1167 et
1207 1101 1348 1168 scientia
1379 1122 1465 1188 quae
1497 1123 1540 1168 ex

256 1207 458 1272 testimoniis
492 1228 514 1272 a
545 1207 676 1273 Oratete
709 1206 848 1293 prolatis
877 1207 1011 1273 elucent
1045 1229 1178 1273 summa
1212 1229 1287 1274 cum
1320 1207 1539 1275 admiratione
1621 1239 1624 1243 ⁴

258 1312 432 1379 dicendum
457 1312 523 1379 eet:
547 1317 723 1379 moverent
745 1334 827 1380 sane
851 1314 948 1380 hodie
972 1336 1034 1381 nos
1058 1314 1164 1380 multo
1188 1315 1294 1398 magis
1319 1336 1360 1381 ea
1387 1336 1473 1402 quae
1498 1315 1540 1381 ad

255 1420 391 1486 Homeri
413 1441 532 1486 versus
548 1420 664 1486 Grates
680 1419 796 1485 attulit
817 1441 918 1507 quam
934 1442 1021 1506 quae
1040 1420 1081 1486 de
1097 1421 1240 1487 Homero
1257 1422 1329 1507 ipso
1346 1420 1539 1507 disputavit.

256 1526 349 1607 Quae
374 1529 463 1592 enirn
487 1526 527 1592 de
551 1548 673 1593 causae
696 1530 828 1612 ἐξούλης
850 1530 974 1593 natura
1004 1549 1043 1593 ex
1067 1527 1209 1594 Cratetis
1232 1528 1342 1594 verbis
1367 1527 1540 1593 didicimus

256 1633 353 1699 docte
383 1634 539 1718 exposuit
561 1627 720 1719 Dareste,
743 1654 810 1699 rev.
839 1632 879 1699 de
906 1633 1017 1720 philol.
1034 1633 1096 1699 XV
1119 1655 1149 1720 p.
1173 1634 1252 1721 972)
1298 1635 1540 1701 Testimonium

257 1743 373 1805 autem
412 1761 455 1805 ex
497 1739 668 1826 Sophoclis
707 1739 856 1807 Daedalo
899 1743 1070 1826 sumptum
1098 1762 1227 1807 novum
1265 1741 1365 1807 huius
1403 1740 1540 1807 fabulae

257 1846 440 1913 frustulum
463 1848 609 1934 praebet.
657 1847 784 1927 Quibus
808 1869 851 1913 ex
873 1847 1074 1914 testimoniis
1099 1848 1245 1934 optimae
1260 1850 1362 1914 notae
1379 1850 1541 1935 suspicari

257 1956 361 2020 etiam
395 1953 473 2020 licet
504 1957 651 2040 quantae
683 1975 762 2041 opes
801 1954 898 2020 nobis
937 1954 1006 2020 sint
1045 1952 1215 2020 detractae
1246 1955 1368 2020 Atticis
1397 1955 1540 2021 Cratetis

257 2060 378 2126 studiis
401 2081 468 2126 non
486 2061 629 2126 servatis
653 2060 706 2146 (cf.
719 2060 951 2127 Wachsmuth.
975 2082 1005 2147 p.
1023 2060 1065 2127 63
1078 2064 1194 2148 sqq.).²)
1234 2062 1283 2127 De
1300 2062 1444 2128 Cratetis
1459 2082 1539 2127 vero

258 2169 322 2234 hac
351 2170 386 2233 in
413 2168 565 2233 doctrina
587 2167 723 2233 asseclis
754 2167 801 2232 nil
832 2167 964 2249 scimus
998 2189 1072 2233 cum
1096 2168 1310 2234 Aristarchus
1340 2189 1455 2235 eorum
1484 2169 1541 2253 qui

256 2295 335 2340 eum
347 2278 534 2359 sequuntur
557 2276 686 2340 animos
710 2295 811 2360 quam
835 2276 979 2340 maxime
1003 2295 1066 2339 sua
1092 2274 1156 2340 hoc
1169 2260 1219 2340 vde
1242 2276 1345 2341 verbo
1370 2276 1540 2342 sententia

257 2380 491 2464 commoverit3
516 2402 580 2467 quo
606 2382 647 2447 de
671 2380 751 2446 alibi
781 2380 889 2446 fusius
921 2385 983 2447 erit
1007 2380 1282 2468 disputandumsl)
1335 2382 1430 2447 Unus
1459 2403 1539 2448 vero

257 2488 409 2554 redactur
432 2491 534 2573 atque
559 2486 714 2553 collector
737 2487 937 2553 scholiorum
966 2487 1024 2553 Ox,
1049 2487 1192 2554 Cratetis
1223 2488 1427 2555 mentionem
1458 2488 1541 2556 facit

256 2599 314 2681 qui
330 2599 443 2660 utrum
455 2615 498 2660 ex
513 2594 656 2660 Cratetis
678 2593 761 2660 libro
777 2595 848 2679 ipso
865 2615 910 2659 an
927 2615 969 2659 ex
985 2597 1121 2660 auctore
1134 2593 1279 2681 quodam
1303 2595 1360 2680 qui
1372 2596 1539 2662 Cratetem

257 2705 479 2788 spectaverat,
504 2723 530 2768 e.
554 2723 583 2786 g.
629 2701 782 2788 Didymo,
815 2723 878 2767 sua
900 2700 1060 2786 hauserit,
1086 2701 1201 2788 dispici
1223 2703 1356 2787 nequit;
1387 2701 1446 2767 sed
1476 2702 1539 2769 hoc

257 2810 328 2874 veri
351 2830 526 2874 censemus
550 2808 689 2874 similius
712 2811 846 2896 propter
868 2812 1056 2896 temporum
1078 2809 1276 2891 rationem.)

314 2956 316 2959 ’
365 2933 414 2999 De
437 2935 566 2999 ratione
590 2955 668 3000 vero
693 2955 779 3021 quae
801 2934 890 3000 inter
913 2932 1040 3000 scholia
1063 2931 1144 2999 Gen.
1164 2935 1198 2998 et
1218 2933 1276 2998 Ox,
1298 2933 1475 2999 intercedit
1497 2955 1540 2998 ex

257 3040 401 3106 Cratetis
431 3040 543 3106 verbis
563 3039 836 3106 concludendum
869 3044 922 3107 est
952 3040 1151 3107 scholiorum
1180 3039 1261 3107 Gen.
1292 3039 1540 3126 compilatorem

367 3291 386 3360 ²)
407 3290 508 3345 Omnia
536 3307 609 3361 quae
636 3290 683 3344 hic
710 3290 753 3344 vir
779 3290 879 3345 doctus
905 3289 1013 3344 Nicolei
1041 3292 1201 3345 correctura
1219 3286 1329 3354 ἐννεάτῳ
1348 3287 1423 3352 ἄξονι
1448 3288 1539 3343 fretus

257 3379 389 3434 disseruit
406 3395 518 3449 prorsus
536 3396 636 3449 nempe
654 3379 801 3433 abicienda
818 3382 892 3434 sunt.

365 3468 386 3537 ²)
405 3468 547 3531 DolemuS,
576 3468 651 3538 quod
678 3485 801 3538 quonam
826 3468 940 3523 vinculo
966 3468 1036 3523 haec
1062 3468 1184 3524 frustula
1207 3469 1364 3524 studiorum
1382 3467 1539 3522 Atticorum

257 3573 323 3612 curn
347 3557 461 3612 Gratete
485 3557 551 3611 olim
571 3557 721 3611 coniuncta
733 3556 840 3611 fuerint
857 3557 933 3610 nullo
953 3557 1037 3613 modo
1050 3574 1200 3628 possumus
1212 3559 1397 3626 investigare:
1416 3557 1538 3628 Hesych.

191 3661 193 3664 ’
259 3648 283 3700 ΙΙ
301 3663 328 3716 p.
341 3646 376 3700 29
396 3646 490 3700 Schm.
510 3663 531 3700 s.
551 3663 577 3699 v.
598 3642 681 3717 ellim
713 3644 833 3715 Simplic.
853 3661 925 3699 com.
944 3645 972 3698 in
995 3645 1110 3700 Aristot.
1129 3647 1179 3700 Vll
1204 3663 1230 3717 p.
1246 3646 1364 3714 157,1e;
1390 3645 1539 3706 Suid.1.2

258 3752 285 3806 p.
299 3736 359 3800 762,
377 3736 410 3789 13
423 3735 454 3789 Β.
465 3759 501 3778 =
512 3735 558 3788 Ps.
578 3735 645 3788 Zon.
665 3751 688 3789 c.
701 3733 755 3788 640
773 3751 795 3788 s.
809 3751 835 3788 v.
855 3730 955 3786 ellae.
987 3735 1151 3804 Separanda
1165 3751 1231 3788 vero
1245 3737 1287 3788 est
1300 3734 1411 3788 Seleuci
1430 3735 1538 3806 opinio:

145 3812 153 3827 ⁸
258 3824 296 3879 ci.
315 3824 517 3878 Reitzenstein.
536 3840 563 3894 p.
579 3824 628 3877 161
649 3823 702 3891 frg.
715 3822 758 3876 29.

366 3914 385 3981 8)
404 3913 531 3967 Breviter
549 3913 596 3967 hic
613 3913 781 3967 adnotemus
800 3913 1001 3968 auctoritatem
1019 3910 1175 3966 Aristarchi
1194 3910 1248 3964 hac
1267 3911 1295 3965 in
1314 3911 1444 3968 doctrina
1462 3912 1539 3982 apud

257 4002 453 4057 Ptolemaeum
472 4002 637 4057 Alexionem
656 4002 846 4056 Herodianum
864 4018 1003 4056 summam
1022 4017 1091 4055 esse.

365 4092 385 4160 ⁴)
405 4092 472 4145 Cum
498 4092 572 4145 enim
594 4092 728 4146 Seleucus
750 4091 918 4145 novissimus
942 4091 972 4144 in
996 4089 1112 4145 scholiis
1130 4088 1180 4143 Ox.
1208 4088 1246 4143 sit
1270 4091 1371 4143 auctor
1389 4089 1434 4157 tel.
1453 4106 1539 4162 supra

258 4197 286 4251 p.
300 4180 335 4235 56
353 4198 380 4235 n.
393 4180 419 4249 5)
440 4183 469 4234 et
487 4180 664 4250 grammatici
683 4180 854 4235 celeberrimi
872 4179 893 4234 l.
912 4179 1014 4234 saeculi
1033 4177 1139 4233 dimidii
1157 4177 1256 4247 prieris
1274 4177 1354 4232 Theo
1374 4177 1539 4247 Apollonius

260 4270 346 4341 Soph.
365 4271 437 4340 Apio
456 4269 621 4339 Pamphilus
638 4269 847 4340 Epaphroditus
864 4285 979 4339 prorsus
997 4268 1025 4321 in
1045 4269 1086 4322 eis
1106 4268 1288 4337 neglegantur
1307 4271 1337 4321 et
1354 4265 1391 4320 ad
1404 4266 1491 4320 0282
1509 4268 1539 4323 in

257 4359 374 4413 scholiis
387 4359 437 4414 Ox.
450 4358 631 4413 Ptolemaeus
649 4362 750 4413 auctor
762 4356 912 4422 Alexionis,
931 4357 960 4412 in
979 4356 1092 4410 scholiis
1103 4356 1172 4411 Gen.
1195 4355 1293 4411 Alexio
1313 4358 1362 4427 qui
1373 4355 1538 4411 Ptolemaeo
1625 4359 1630 4372 '

260 4464 326 4502 usus
351 4451 395 4502 est
417 4449 538 4502 traditus
563 4448 609 4515 sit,
635 4448 720 4503 tertio
739 4447 785 4502 vel
808 4449 908 4518 quarto
928 4444 1063 4501 decennio
1082 4446 1103 4502 l.
1122 4461 1148 4516 p.
1169 4445 1232 4499 Chr.
1252 4463 1279 4500 n.
1298 4462 1373 4502 saec.
1393 4445 1540 4516 opinamur

258 4537 367 4592 scholia
386 4537 436 4592 Ox.
456 4537 574 4592 collecta
596 4553 667 4592 esse.
