<?xml version="1.0" encoding="UTF-8"?>
<!DOCTYPE html PUBLIC "-//W3C//DTD XHTML 1.0 Transitional//EN"
    "http://www.w3.org/TR/xhtml1/DTD/xhtml1-transitional.dtd">
<html xmlns="http://www.w3.org/1999/xhtml" xml:lang="en" lang="en">
 <head>
  <title>
</title>
<meta http-equiv="Content-Type" content="text/html;charset=utf-8" />
  <meta name='ocr-system' content='tesseract 3.04.00' />
  <meta name='ocr-capabilities' content='ocr_page ocr_carea ocr_par ocr_line ocrx_word'/>
</head>
<body>
  <div class='ocr_page' id='page_1' title='image "./decratetismallo00helcgoog_0031.png"; bbox 0 0 3368 5032; ppageno 0'>
   <div class='ocr_carea' id='block_1_1' title="bbox 729 295 998 373">
    <p class='ocr_par' dir='ltr' id='par_1_1' title="bbox 729 295 998 373">
     <span class='ocr_line' id='line_1_1' title="bbox 729 295 998 373; baseline 0.004 -13"><span class='ocrx_word' id='word_1_1' title='bbox 729 295 998 373; x_wconf 84' lang='grc' dir='ltr'>-26-Ι</span> 
     </span>
    </p>
   </div>
   <div class='ocr_carea' id='block_1_2' title="bbox 199 473 1534 4409">
    <p class='ocr_par' dir='ltr' id='par_1_2' title="bbox 199 473 1534 4409">
     <span class='ocr_line' id='line_1_2' title="bbox 200 473 1481 557; baseline -0.002 -17"><span class='ocrx_word' id='word_1_2' title='bbox 200 475 448 540; x_wconf 87' lang='lat' dir='ltr'>demonstratur</span> <span class='ocrx_word' id='word_1_3' title='bbox 470 495 570 540; x_wconf 90' lang='lat' dir='ltr'>versu</span> <span class='ocrx_word' id='word_1_4' title='bbox 593 476 616 539; x_wconf 92' lang='lat' dir='ltr'><em>I</em></span> <span class='ocrx_word' id='word_1_5' title='bbox 626 473 705 556; x_wconf 63' lang='lat'>431)</span> <span class='ocrx_word' id='word_1_6' title='bbox 752 473 824 539; x_wconf 87' lang='lat' dir='ltr'>Hoc</span> <span class='ocrx_word' id='word_1_7' title='bbox 847 494 926 539; x_wconf 88' lang='lat' dir='ltr'>vero</span> <span class='ocrx_word' id='word_1_8' title='bbox 951 477 1185 557; x_wconf 74' lang='lat' dir='ltr'><strong>argumentum</strong></span> <span class='ocrx_word' id='word_1_9' title='bbox 1208 473 1481 540; x_wconf 85' lang='lat' dir='ltr'>Autochthonem</span> 
     </span>
     <span class='ocr_line' id='line_1_3' title="bbox 200 580 1481 666; baseline -0.001 -19"><span class='ocrx_word' id='word_1_10' title='bbox 200 603 242 647; x_wconf 88' lang='lat' dir='ltr'>ex</span> <span class='ocrx_word' id='word_1_11' title='bbox 259 582 401 648; x_wconf 84' lang='lat' dir='ltr'>Oratetis</span> <span class='ocrx_word' id='word_1_12' title='bbox 417 581 527 647; x_wconf 87' lang='lat' dir='ltr'>verbis</span> <span class='ocrx_word' id='word_1_13' title='bbox 552 602 651 646; x_wconf 91' lang='lat' dir='ltr'>suum</span> <span class='ocrx_word' id='word_1_14' title='bbox 673 581 708 646; x_wconf 94' lang='lat' dir='ltr'>in</span> <span class='ocrx_word' id='word_1_15' title='bbox 724 602 823 646; x_wconf 89' lang='lat' dir='ltr'>usum</span> <span class='ocrx_word' id='word_1_16' title='bbox 847 581 1054 646; x_wconf 90' lang='lat' dir='ltr'>convertisse</span> <span class='ocrx_word' id='word_1_17' title='bbox 1070 581 1233 666; x_wconf 91' lang='lat' dir='ltr'>suspicari</span> <span class='ocrx_word' id='word_1_18' title='bbox 1256 583 1379 666; x_wconf 89' lang='lat' dir='ltr'>optime</span> <span class='ocrx_word' id='word_1_19' title='bbox 1396 580 1481 646; x_wconf 87' lang='lat' dir='ltr'>licet.</span> 
     </span>
     <span class='ocr_line' id='line_1_4' title="bbox 199 687 1481 772; baseline 0.001 -20"><span class='ocrx_word' id='word_1_20' title='bbox 199 688 257 754; x_wconf 93' lang='lat' dir='ltr'>lllo</span> <span class='ocrx_word' id='word_1_21' title='bbox 289 690 404 754; x_wconf 89' lang='lat' dir='ltr'>autem</span> <span class='ocrx_word' id='word_1_22' title='bbox 434 692 496 753; x_wconf 83' lang='grc' dir='ltr'><em>ἔστι</em></span> <span class='ocrx_word' id='word_1_23' title='bbox 521 689 612 754; x_wconf 80' lang='grc' dir='ltr'><em>δὲτὸ</em></span> <span class='ocrx_word' id='word_1_24' title='bbox 643 691 811 772; x_wconf 80' lang='grc' dir='ltr'><strong><em>,,πρώτας“</em></strong></span> <span class='ocrx_word' id='word_1_25' title='bbox 842 695 906 753; x_wconf 80' lang='grc' dir='ltr'>τῶν</span> <span class='ocrx_word' id='word_1_26' title='bbox 928 689 1010 771; x_wconf 81' lang='grc' dir='ltr'><em>πρός</em></span> <span class='ocrx_word' id='word_1_27' title='bbox 1033 714 1060 752; x_wconf 83' lang='grc' dir='ltr'>τι</span> <span class='ocrx_word' id='word_1_28' title='bbox 1090 687 1258 752; x_wconf 90' lang='lat' dir='ltr'>indicatur</span> <span class='ocrx_word' id='word_1_29' title='bbox 1289 709 1366 753; x_wconf 93' lang='lat' dir='ltr'>eum</span> <span class='ocrx_word' id='word_1_30' title='bbox 1398 688 1481 753; x_wconf 91' lang='lat' dir='ltr'>duos</span> 
     </span>
     <span class='ocr_line' id='line_1_5' title="bbox 200 793 1481 881; baseline -0.002 -20"><span class='ocrx_word' id='word_1_31' title='bbox 200 797 337 861; x_wconf 88' lang='lat' dir='ltr'>navium</span> <span class='ocrx_word' id='word_1_32' title='bbox 361 795 492 862; x_wconf 80' lang='lat' dir='ltr'>ordines</span> <span class='ocrx_word' id='word_1_33' title='bbox 515 799 655 881; x_wconf 88' lang='lat' dir='ltr'>putasse</span> <span class='ocrx_word' id='word_1_34' title='bbox 685 793 773 881; x_wconf 94' lang='lat' dir='ltr'>quod</span> <span class='ocrx_word' id='word_1_35' title='bbox 797 794 1031 879; x_wconf 90' lang='lat' dir='ltr'>comprobatur</span> <span class='ocrx_word' id='word_1_36' title='bbox 1055 794 1166 859; x_wconf 86' lang='lat' dir='ltr'>verbis</span> <span class='ocrx_word' id='word_1_37' title='bbox 1190 793 1360 859; x_wconf 80' lang='lat' dir='ltr'>Eustathii</span> <span class='ocrx_word' id='word_1_38' title='bbox 1383 794 1481 859; x_wconf 91' lang='lat' dir='ltr'>testis</span> 
     </span>
     <span class='ocr_line' id='line_1_6' title="bbox 200 900 1482 988; baseline -0.002 -20"><span class='ocrx_word' id='word_1_39' title='bbox 200 923 282 968; x_wconf 90' lang='lat' dir='ltr'>sane</span> <span class='ocrx_word' id='word_1_40' title='bbox 306 901 398 969; x_wconf 91' lang='lat' dir='ltr'>haud</span> <span class='ocrx_word' id='word_1_41' title='bbox 420 901 541 985; x_wconf 82' lang='lat' dir='ltr'>gravis.</span> <span class='ocrx_word' id='word_1_42' title='bbox 587 902 677 967; x_wconf 80' lang='lat' dir='ltr'>Inter</span> <span class='ocrx_word' id='word_1_43' title='bbox 701 922 785 988; x_wconf 89' lang='lat' dir='ltr'>quas</span> <span class='ocrx_word' id='word_1_44' title='bbox 809 900 894 966; x_wconf 91' lang='lat' dir='ltr'>duas</span> <span class='ocrx_word' id='word_1_45' title='bbox 920 901 1129 985; x_wconf 80' lang='lat' dir='ltr'>navigiorum</span> <span class='ocrx_word' id='word_1_46' title='bbox 1153 901 1256 967; x_wconf 85' lang='lat' dir='ltr'>series</span> <span class='ocrx_word' id='word_1_47' title='bbox 1281 901 1482 968; x_wconf 87' lang='lat' dir='ltr'>Graecorum</span> 
     </span>
     <span class='ocr_line' id='line_1_7' title="bbox 199 1007 1482 1094; baseline -0.002 -20"><span class='ocrx_word' id='word_1_48' title='bbox 199 1010 344 1076; x_wconf 86' lang='lat' dir='ltr'>tentoria</span> <span class='ocrx_word' id='word_1_49' title='bbox 368 1007 503 1074; x_wconf 90' lang='lat' dir='ltr'>stabula</span> <span class='ocrx_word' id='word_1_50' title='bbox 525 1008 635 1074; x_wconf 84' lang='lat' dir='ltr'>forum</span> <span class='ocrx_word' id='word_1_51' title='bbox 659 1011 763 1073; x_wconf 91' lang='lat' dir='ltr'>erant.</span> <span class='ocrx_word' id='word_1_52' title='bbox 809 1009 880 1074; x_wconf 90' lang='lat' dir='ltr'>Iam</span> <span class='ocrx_word' id='word_1_53' title='bbox 903 1007 1131 1094; x_wconf 90' lang='lat' dir='ltr'>quaerendum</span> <span class='ocrx_word' id='word_1_54' title='bbox 1155 1010 1216 1091; x_wconf 87' lang='lat' dir='ltr'>cst,</span> <span class='ocrx_word' id='word_1_55' title='bbox 1248 1007 1380 1074; x_wconf 90' lang='lat' dir='ltr'>hancne</span> <span class='ocrx_word' id='word_1_56' title='bbox 1404 1007 1482 1073; x_wconf 89' lang='lat' dir='ltr'>doo-</span> 
     </span>
     <span class='ocr_line' id='line_1_8' title="bbox 199 1114 1483 1202; baseline -0.003 -20"><span class='ocrx_word' id='word_1_57' title='bbox 199 1117 322 1182; x_wconf 81' lang='lat' dir='ltr'>trinam</span> <span class='ocrx_word' id='word_1_58' title='bbox 337 1114 530 1182; x_wconf 83' lang='lat' dir='ltr'>Autochtho</span> <span class='ocrx_word' id='word_1_59' title='bbox 547 1136 647 1202; x_wconf 93' lang='lat' dir='ltr'>quem</span> <span class='ocrx_word' id='word_1_60' title='bbox 663 1115 806 1181; x_wconf 79' lang='lat' dir='ltr'>Cratetis</span> <span class='ocrx_word' id='word_1_61' title='bbox 822 1115 1027 1181; x_wconf 76' lang='lat' dir='ltr'>sententiam</span> <span class='ocrx_word' id='word_1_62' title='bbox 1047 1115 1204 1180; x_wconf 88' lang='lat' dir='ltr'>attulisse</span> <span class='ocrx_word' id='word_1_63' title='bbox 1221 1114 1275 1180; x_wconf 89' lang='lat' dir='ltr'>hic</span> <span class='ocrx_word' id='word_1_64' title='bbox 1298 1118 1333 1180; x_wconf 88' lang='lat' dir='ltr'>et</span> <span class='ocrx_word' id='word_1_65' title='bbox 1348 1118 1483 1201; x_wconf 89' lang='lat' dir='ltr'>propter</span> 
     </span>
     <span class='ocr_line' id='line_1_9' title="bbox 199 1221 1481 1309; baseline -0.002 -21"><span class='ocrx_word' id='word_1_66' title='bbox 199 1245 313 1309; x_wconf 88' lang='lat' dir='ltr'>parem</span> <span class='ocrx_word' id='word_1_67' title='bbox 338 1222 526 1309; x_wconf 89' lang='lat' dir='ltr'>opinionem</span> <span class='ocrx_word' id='word_1_68' title='bbox 550 1225 584 1288; x_wconf 91' lang='lat' dir='ltr'>et</span> <span class='ocrx_word' id='word_1_69' title='bbox 607 1244 649 1288; x_wconf 92' lang='lat' dir='ltr'>ex</span> <span class='ocrx_word' id='word_1_70' title='bbox 671 1221 780 1288; x_wconf 84' lang='lat' dir='ltr'>forma</span> <span class='ocrx_word' id='word_1_71' title='bbox 803 1221 1003 1287; x_wconf 76' lang='lat' dir='ltr'>scholiorum</span> <span class='ocrx_word' id='word_1_72' title='bbox 1026 1224 1154 1287; x_wconf 90' lang='lat' dir='ltr'>certum</span> <span class='ocrx_word' id='word_1_73' title='bbox 1178 1224 1231 1287; x_wconf 91' lang='lat' dir='ltr'>est</span> <span class='ocrx_word' id='word_1_74' title='bbox 1246 1224 1356 1287; x_wconf 91' lang='lat' dir='ltr'>totam</span> <span class='ocrx_word' id='word_1_75' title='bbox 1379 1224 1481 1306; x_wconf 90' lang='lat' dir='ltr'>atque</span> 
     </span>
     <span class='ocr_line' id='line_1_10' title="bbox 199 1327 1482 1416; baseline -0.002 -21"><span class='ocrx_word' id='word_1_76' title='bbox 199 1331 414 1395; x_wconf 87' lang='lat' dir='ltr'>immutatam</span> <span class='ocrx_word' id='word_1_77' title='bbox 438 1350 482 1395; x_wconf 90' lang='lat' dir='ltr'>an</span> <span class='ocrx_word' id='word_1_78' title='bbox 506 1327 620 1416; x_wconf 87' lang='lat' dir='ltr'>aliqua</span> <span class='ocrx_word' id='word_1_79' title='bbox 644 1332 803 1414; x_wconf 87' lang='lat' dir='ltr'>exparte</span> <span class='ocrx_word' id='word_1_80' title='bbox 828 1327 996 1394; x_wconf 84' lang='lat' dir='ltr'>excultam</span> <span class='ocrx_word' id='word_1_81' title='bbox 1025 1330 1059 1393; x_wconf 89' lang='lat' dir='ltr'>et</span> <span class='ocrx_word' id='word_1_82' title='bbox 1090 1330 1332 1394; x_wconf 84' lang='lat' dir='ltr'>commutatam</span> <span class='ocrx_word' id='word_1_83' title='bbox 1356 1327 1482 1393; x_wconf 80' lang='lat' dir='ltr'>Crateti</span> 
     </span>
     <span class='ocr_line' id='line_1_11' title="bbox 201 1433 1481 1515; baseline -0.004 -12"><span class='ocrx_word' id='word_1_84' title='bbox 201 1436 358 1503; x_wconf 84' lang='lat' dir='ltr'>debuerit.</span> <span class='ocrx_word' id='word_1_85' title='bbox 406 1435 565 1515; x_wconf 77' lang='lat' dir='ltr'>Quamvis</span> <span class='ocrx_word' id='word_1_86' title='bbox 590 1436 679 1501; x_wconf 88' lang='lat' dir='ltr'>enim</span> <span class='ocrx_word' id='word_1_87' title='bbox 702 1439 829 1502; x_wconf 91' lang='lat' dir='ltr'>certum</span> <span class='ocrx_word' id='word_1_88' title='bbox 862 1436 906 1500; x_wconf 93' lang='lat' dir='ltr'>sit</span> <span class='ocrx_word' id='word_1_89' title='bbox 930 1435 1098 1500; x_wconf 79' lang='lat' dir='ltr'>Oratetem</span> <span class='ocrx_word' id='word_1_90' title='bbox 1121 1435 1157 1499; x_wconf 93' lang='lat' dir='ltr'>in</span> <span class='ocrx_word' id='word_1_91' title='bbox 1181 1434 1264 1500; x_wconf 91' lang='lat' dir='ltr'>libro</span> <span class='ocrx_word' id='word_1_92' title='bbox 1289 1455 1350 1500; x_wconf 93' lang='lat' dir='ltr'>suo</span> <span class='ocrx_word' id='word_1_93' title='bbox 1375 1433 1481 1499; x_wconf 89' lang='lat' dir='ltr'>adno-</span> 
     </span>
     <span class='ocr_line' id='line_1_12' title="bbox 200 1540 1482 1627; baseline -0.002 -18"><span class='ocrx_word' id='word_1_94' title='bbox 200 1547 293 1609; x_wconf 88' lang='lat' dir='ltr'>tasse</span> <span class='ocrx_word' id='word_1_95' title='bbox 325 1540 470 1609; x_wconf 85' lang='lat' dir='ltr'>Graeoos</span> <span class='ocrx_word' id='word_1_96' title='bbox 505 1541 689 1608; x_wconf 89' lang='lat' dir='ltr'>secundum</span> <span class='ocrx_word' id='word_1_97' title='bbox 721 1542 901 1608; x_wconf 90' lang='lat' dir='ltr'>Homerum</span> <span class='ocrx_word' id='word_1_98' title='bbox 932 1563 1037 1608; x_wconf 89' lang='lat' dir='ltr'>naves</span> <span class='ocrx_word' id='word_1_99' title='bbox 1068 1545 1101 1607; x_wconf 78' lang='grc' dir='ltr'>ἐν</span> <span class='ocrx_word' id='word_1_100' title='bbox 1133 1545 1247 1626; x_wconf 82' lang='grc' dir='ltr'><strong><em>στίχοις</em></strong></span> <span class='ocrx_word' id='word_1_101' title='bbox 1277 1541 1482 1627; x_wconf 89' lang='lat' dir='ltr'>disposuisse</span> 
     </span>
     <span class='ocr_line' id='line_1_13' title="bbox 201 1647 1483 1736; baseline -0.002 -21"><span class='ocrx_word' id='word_1_102' title='bbox 201 1671 341 1736; x_wconf 91' lang='lat' dir='ltr'>quorum</span> <span class='ocrx_word' id='word_1_103' title='bbox 364 1650 489 1736; x_wconf 92' lang='lat' dir='ltr'>primus</span> <span class='ocrx_word' id='word_1_104' title='bbox 513 1652 553 1714; x_wconf 91' lang='lat' dir='ltr'>ut</span> <span class='ocrx_word' id='word_1_105' title='bbox 566 1649 828 1732; x_wconf 82' lang='lat' dir='ltr'>Agamemnonis</span> <span class='ocrx_word' id='word_1_106' title='bbox 852 1649 989 1732; x_wconf 83' lang='lat' dir='ltr'>navigia</span> <span class='ocrx_word' id='word_1_107' title='bbox 1004 1649 1039 1714; x_wconf 92' lang='lat' dir='ltr'>in</span> <span class='ocrx_word' id='word_1_108' title='bbox 1062 1649 1165 1714; x_wconf 91' lang='lat' dir='ltr'>maris</span> <span class='ocrx_word' id='word_1_109' title='bbox 1180 1647 1287 1732; x_wconf 86' lang='lat' dir='ltr'>litore,</span> <span class='ocrx_word' id='word_1_110' title='bbox 1313 1651 1483 1714; x_wconf 91' lang='lat' dir='ltr'>extremus</span> 
     </span>
     <span class='ocr_line' id='line_1_14' title="bbox 201 1754 1484 1843; baseline -0.002 -21"><span class='ocrx_word' id='word_1_111' title='bbox 201 1757 244 1822; x_wconf 91' lang='lat' dir='ltr'>ad</span> <span class='ocrx_word' id='word_1_112' title='bbox 275 1777 407 1822; x_wconf 89' lang='lat' dir='ltr'>murum</span> <span class='ocrx_word' id='word_1_113' title='bbox 438 1759 472 1822; x_wconf 89' lang='lat' dir='ltr'>et</span> <span class='ocrx_word' id='word_1_114' title='bbox 501 1755 629 1822; x_wconf 82' lang='lat' dir='ltr'>fossam</span> <span class='ocrx_word' id='word_1_115' title='bbox 659 1754 835 1843; x_wconf 89' lang='lat' dir='ltr'>medioque</span> <span class='ocrx_word' id='word_1_116' title='bbox 866 1756 902 1820; x_wconf 94' lang='lat' dir='ltr'>in</span> <span class='ocrx_word' id='word_1_117' title='bbox 935 1777 1051 1842; x_wconf 91' lang='lat' dir='ltr'>campo</span> <span class='ocrx_word' id='word_1_118' title='bbox 1080 1755 1211 1840; x_wconf 84' lang='lat' dir='ltr'>fuisset,</span> <span class='ocrx_word' id='word_1_119' title='bbox 1244 1757 1397 1841; x_wconf 87' lang='lat' dir='ltr'>quaestio</span> <span class='ocrx_word' id='word_1_120' title='bbox 1431 1757 1484 1820; x_wconf 90' lang='lat' dir='ltr'>est</span> 
     </span>
     <span class='ocr_line' id='line_1_15' title="bbox 202 1861 1484 1950; baseline -0.002 -22"><span class='ocrx_word' id='word_1_121' title='bbox 202 1863 408 1948; x_wconf 84' lang='lat' dir='ltr'>gravissima,</span> <span class='ocrx_word' id='word_1_122' title='bbox 434 1866 546 1929; x_wconf 91' lang='lat' dir='ltr'>utrum</span> <span class='ocrx_word' id='word_1_123' title='bbox 562 1862 677 1928; x_wconf 79' lang='lat' dir='ltr'>Grates</span> <span class='ocrx_word' id='word_1_124' title='bbox 694 1861 778 1929; x_wconf 90' lang='lat' dir='ltr'>duas</span> <span class='ocrx_word' id='word_1_125' title='bbox 802 1863 883 1928; x_wconf 93' lang='lat' dir='ltr'>item</span> <span class='ocrx_word' id='word_1_126' title='bbox 908 1866 1010 1950; x_wconf 90' lang='lat' dir='ltr'>atque</span> <span class='ocrx_word' id='word_1_127' title='bbox 1026 1862 1219 1929; x_wconf 84' lang='lat' dir='ltr'>Autoohtho</span> <span class='ocrx_word' id='word_1_128' title='bbox 1238 1865 1357 1948; x_wconf 91' lang='lat' dir='ltr'>postea</span> <span class='ocrx_word' id='word_1_129' title='bbox 1381 1863 1484 1927; x_wconf 86' lang='lat' dir='ltr'>series</span> 
     </span>
     <span class='ocr_line' id='line_1_16' title="bbox 202 1967 1534 2055; baseline -0.002 -20"><span class='ocrx_word' id='word_1_130' title='bbox 202 1971 341 2037; x_wconf 88' lang='lat' dir='ltr'>navium</span> <span class='ocrx_word' id='word_1_131' title='bbox 363 1970 468 2036; x_wconf 87' lang='lat' dir='ltr'>fuisse</span> <span class='ocrx_word' id='word_1_132' title='bbox 492 1969 668 2035; x_wconf 82' lang='lat' dir='ltr'>affirmarit</span> <span class='ocrx_word' id='word_1_133' title='bbox 696 1991 741 2035; x_wconf 88' lang='lat' dir='ltr'>an</span> <span class='ocrx_word' id='word_1_134' title='bbox 770 1969 867 2035; x_wconf 91' lang='lat' dir='ltr'>aliter</span> <span class='ocrx_word' id='word_1_135' title='bbox 890 1972 1002 2035; x_wconf 91' lang='lat' dir='ltr'>castra</span> <span class='ocrx_word' id='word_1_136' title='bbox 1025 1968 1234 2055; x_wconf 87' lang='lat' dir='ltr'>disposuerit.</span> <span class='ocrx_word' id='word_1_137' title='bbox 1280 1967 1364 2034; x_wconf 92' lang='lat' dir='ltr'>Illud</span> <span class='ocrx_word' id='word_1_138' title='bbox 1395 1969 1485 2034; x_wconf 90' lang='lat' dir='ltr'>enim</span> <span class='ocrx_word' id='word_1_139' title='bbox 1529 1986 1534 1993; x_wconf 86' lang='lat'>·</span> 
     </span>
     <span class='ocr_line' id='line_1_17' title="bbox 202 2075 1483 2163; baseline -0.002 -20"><span class='ocrx_word' id='word_1_140' title='bbox 202 2077 267 2143; x_wconf 87' lang='lat' dir='ltr'>etsi</span> <span class='ocrx_word' id='word_1_141' title='bbox 282 2076 452 2143; x_wconf 79' lang='lat' dir='ltr'>Eustathii</span> <span class='ocrx_word' id='word_1_142' title='bbox 467 2077 578 2142; x_wconf 90' lang='lat' dir='ltr'>verbis</span> <span class='ocrx_word' id='word_1_143' title='bbox 599 2075 720 2142; x_wconf 86' lang='lat' dir='ltr'>diserte</span> <span class='ocrx_word' id='word_1_144' title='bbox 744 2081 896 2159; x_wconf 82' lang='lat' dir='ltr'>negatur,</span> <span class='ocrx_word' id='word_1_145' title='bbox 921 2079 1036 2142; x_wconf 89' lang='lat' dir='ltr'>tamen</span> <span class='ocrx_word' id='word_1_146' title='bbox 1053 2075 1240 2142; x_wconf 89' lang='lat' dir='ltr'>cavendum</span> <span class='ocrx_word' id='word_1_147' title='bbox 1264 2078 1325 2161; x_wconf 80' lang='lat' dir='ltr'>est,</span> <span class='ocrx_word' id='word_1_148' title='bbox 1350 2077 1483 2163; x_wconf 92' lang='lat' dir='ltr'>nequis</span> 
     </span>
     <span class='ocr_line' id='line_1_18' title="bbox 202 2182 1483 2269; baseline -0.002 -20"><span class='ocrx_word' id='word_1_149' title='bbox 202 2185 310 2250; x_wconf 88' lang='lat' dir='ltr'>solum</span> <span class='ocrx_word' id='word_1_150' title='bbox 333 2183 548 2248; x_wconf 80' lang='lat' dir='ltr'>[dustathium</span> <span class='ocrx_word' id='word_1_151' title='bbox 572 2186 749 2269; x_wconf 79' lang='lat' dir='ltr'>sequatur3</span> <span class='ocrx_word' id='word_1_152' title='bbox 779 2204 860 2250; x_wconf 91' lang='lat' dir='ltr'>nam</span> <span class='ocrx_word' id='word_1_153' title='bbox 888 2183 967 2269; x_wconf 89' lang='lat' dir='ltr'>quia</span> <span class='ocrx_word' id='word_1_154' title='bbox 990 2182 1190 2249; x_wconf 80' lang='lat' dir='ltr'>Eustathius</span> <span class='ocrx_word' id='word_1_155' title='bbox 1218 2182 1377 2269; x_wconf 89' lang='lat' dir='ltr'>persimili</span> <span class='ocrx_word' id='word_1_156' title='bbox 1401 2204 1483 2248; x_wconf 90' lang='lat' dir='ltr'>usus</span> 
     </span>
     <span class='ocr_line' id='line_1_19' title="bbox 201 2289 1484 2376; baseline -0.002 -20"><span class='ocrx_word' id='word_1_157' title='bbox 201 2291 295 2357; x_wconf 84' lang='lat' dir='ltr'>fonte</span> <span class='ocrx_word' id='word_1_158' title='bbox 321 2312 360 2356; x_wconf 89' lang='lat' dir='ltr'>ac</span> <span class='ocrx_word' id='word_1_159' title='bbox 389 2312 452 2357; x_wconf 88' lang='lat' dir='ltr'>nos</span> <span class='ocrx_word' id='word_1_160' title='bbox 479 2290 577 2356; x_wconf 90' lang='lat' dir='ltr'>hodie</span> <span class='ocrx_word' id='word_1_161' title='bbox 602 2289 801 2376; x_wconf 88' lang='lat' dir='ltr'>quibusdam</span> <span class='ocrx_word' id='word_1_162' title='bbox 832 2292 867 2356; x_wconf 90' lang='lat' dir='ltr'>in</span> <span class='ocrx_word' id='word_1_163' title='bbox 898 2292 998 2356; x_wconf 90' lang='lat' dir='ltr'>rebus</span> <span class='ocrx_word' id='word_1_164' title='bbox 1029 2291 1185 2356; x_wconf 89' lang='lat' dir='ltr'>nimirum</span> <span class='ocrx_word' id='word_1_165' title='bbox 1216 2291 1367 2356; x_wconf 90' lang='lat' dir='ltr'>uberiore</span> <span class='ocrx_word' id='word_1_166' title='bbox 1399 2290 1484 2355; x_wconf 87' lang='lat' dir='ltr'>haec</span> 
     </span>
     <span class='ocr_line' id='line_1_20' title="bbox 202 2396 1484 2484; baseline -0.002 -21"><span class='ocrx_word' id='word_1_167' title='bbox 202 2398 442 2484; x_wconf 86' lang='lat' dir='ltr'>pronuntiavit,</span> <span class='ocrx_word' id='word_1_168' title='bbox 466 2398 570 2464; x_wconf 89' lang='lat' dir='ltr'>verba</span> <span class='ocrx_word' id='word_1_169' title='bbox 590 2419 668 2464; x_wconf 93' lang='lat' dir='ltr'>vero</span> <span class='ocrx_word' id='word_1_170' title='bbox 692 2398 727 2462; x_wconf 94' lang='lat' dir='ltr'>in</span> <span class='ocrx_word' id='word_1_171' title='bbox 751 2397 884 2463; x_wconf 86' lang='lat' dir='ltr'>scholiis</span> <span class='ocrx_word' id='word_1_172' title='bbox 908 2396 948 2463; x_wconf 94' lang='lat' dir='ltr'>de</span> <span class='ocrx_word' id='word_1_173' title='bbox 966 2397 1107 2463; x_wconf 78' lang='lat' dir='ltr'>Cratetis</span> <span class='ocrx_word' id='word_1_174' title='bbox 1132 2396 1284 2463; x_wconf 87' lang='lat' dir='ltr'>doctrina</span> <span class='ocrx_word' id='word_1_175' title='bbox 1307 2399 1388 2462; x_wconf 92' lang='lat' dir='ltr'>sunt</span> <span class='ocrx_word' id='word_1_176' title='bbox 1412 2417 1484 2462; x_wconf 88' lang='lat' dir='ltr'>am-</span> 
     </span>
     <span class='ocr_line' id='line_1_21' title="bbox 202 2503 1484 2591; baseline -0.002 -20"><span class='ocrx_word' id='word_1_177' title='bbox 202 2506 312 2589; x_wconf 85' lang='lat' dir='ltr'>bigua,</span> <span class='ocrx_word' id='word_1_178' title='bbox 341 2505 415 2571; x_wconf 89' lang='lat' dir='ltr'>fieri</span> <span class='ocrx_word' id='word_1_179' title='bbox 432 2508 560 2590; x_wconf 84' lang='lat' dir='ltr'>potest,</span> <span class='ocrx_word' id='word_1_180' title='bbox 590 2506 629 2569; x_wconf 91' lang='lat' dir='ltr'>ut</span> <span class='ocrx_word' id='word_1_181' title='bbox 651 2504 851 2570; x_wconf 80' lang='lat' dir='ltr'>Eustathius</span> <span class='ocrx_word' id='word_1_182' title='bbox 882 2505 916 2569; x_wconf 93' lang='lat' dir='ltr'>in</span> <span class='ocrx_word' id='word_1_183' title='bbox 941 2505 989 2570; x_wconf 91' lang='lat' dir='ltr'>eis</span> <span class='ocrx_word' id='word_1_184' title='bbox 1013 2526 1100 2591; x_wconf 89' lang='lat' dir='ltr'>quae</span> <span class='ocrx_word' id='word_1_185' title='bbox 1124 2504 1165 2570; x_wconf 93' lang='lat' dir='ltr'>de</span> <span class='ocrx_word' id='word_1_186' title='bbox 1190 2504 1323 2570; x_wconf 82' lang='lat' dir='ltr'>Oratete</span> <span class='ocrx_word' id='word_1_187' title='bbox 1346 2503 1484 2591; x_wconf 88' lang='lat' dir='ltr'>protulit</span> 
     </span>
     <span class='ocr_line' id='line_1_22' title="bbox 203 2611 1484 2699; baseline -0.002 -21"><span class='ocrx_word' id='word_1_188' title='bbox 203 2616 372 2679; x_wconf 89' lang='lat' dir='ltr'>auctorem</span> <span class='ocrx_word' id='word_1_189' title='bbox 406 2633 504 2677; x_wconf 90' lang='lat' dir='ltr'>suum</span> <span class='ocrx_word' id='word_1_190' title='bbox 532 2611 617 2677; x_wconf 83' lang='lat' dir='ltr'>falso</span> <span class='ocrx_word' id='word_1_191' title='bbox 645 2611 847 2678; x_wconf 87' lang='lat' dir='ltr'>intellexerit</span> <span class='ocrx_word' id='word_1_192' title='bbox 871 2611 960 2699; x_wconf 94' lang='lat' dir='ltr'>quod</span> <span class='ocrx_word' id='word_1_193' title='bbox 992 2614 1081 2677; x_wconf 89' lang='lat' dir='ltr'>recte</span> <span class='ocrx_word' id='word_1_194' title='bbox 1113 2613 1228 2676; x_wconf 88' lang='lat' dir='ltr'>monet</span> <span class='ocrx_word' id='word_1_195' title='bbox 1251 2611 1484 2677; x_wconf 89' lang='lat' dir='ltr'>Wachsmuth.</span> 
     </span>
     <span class='ocr_line' id='line_1_23' title="bbox 203 2718 1484 2806; baseline -0.001 -23"><span class='ocrx_word' id='word_1_196' title='bbox 203 2741 233 2805; x_wconf 91' lang='lat' dir='ltr'>p.</span> <span class='ocrx_word' id='word_1_197' title='bbox 250 2720 309 2803; x_wconf 78' lang='lat'>283</span> <span class='ocrx_word' id='word_1_198' title='bbox 333 2740 442 2805; x_wconf 92' lang='lat' dir='ltr'>neque</span> <span class='ocrx_word' id='word_1_199' title='bbox 466 2740 505 2784; x_wconf 89' lang='lat' dir='ltr'>eo</span> <span class='ocrx_word' id='word_1_200' title='bbox 522 2719 675 2804; x_wconf 87' lang='lat' dir='ltr'>quaestio</span> <span class='ocrx_word' id='word_1_201' title='bbox 691 2718 897 2804; x_wconf 86' lang='lat' dir='ltr'>profligatur,</span> <span class='ocrx_word' id='word_1_202' title='bbox 922 2718 1011 2806; x_wconf 92' lang='lat' dir='ltr'>quod</span> <span class='ocrx_word' id='word_1_203' title='bbox 1035 2740 1077 2784; x_wconf 92' lang='lat' dir='ltr'>ex</span> <span class='ocrx_word' id='word_1_204' title='bbox 1097 2719 1208 2784; x_wconf 89' lang='lat' dir='ltr'>verbis</span> <span class='ocrx_word' id='word_1_205' title='bbox 1233 2719 1484 2790; x_wconf 64' lang='lat' dir='ltr'>coerceretur</span> 
     </span>
     <span class='ocr_line' id='line_1_24' title="bbox 202 2824 1485 2916; baseline -0.002 -24"><span class='ocrx_word' id='word_1_206' title='bbox 202 2829 265 2892; x_wconf 75' lang='grc' dir='ltr'>κτλ.</span> <span class='ocrx_word' id='word_1_207' title='bbox 294 2827 346 2911; x_wconf 86' lang='lat' dir='ltr'>(ci.</span> <span class='ocrx_word' id='word_1_208' title='bbox 370 2848 400 2912; x_wconf 94' lang='lat' dir='ltr'>p.</span> <span class='ocrx_word' id='word_1_209' title='bbox 416 2827 459 2891; x_wconf 76' lang='lat'>25</span> <span class='ocrx_word' id='word_1_210' title='bbox 483 2847 514 2891; x_wconf 93' lang='lat' dir='ltr'>n.</span> <span class='ocrx_word' id='word_1_211' title='bbox 534 2825 565 2915; x_wconf 88' lang='lat'>1)</span> <span class='ocrx_word' id='word_1_212' title='bbox 596 2824 728 2891; x_wconf 93' lang='lat' dir='ltr'>videtur</span> <span class='ocrx_word' id='word_1_213' title='bbox 761 2847 922 2912; x_wconf 86' lang='lat' dir='ltr'>apparere</span> <span class='ocrx_word' id='word_1_214' title='bbox 954 2825 1124 2916; x_wconf 79' lang='lat' dir='ltr'>Eustathii</span> <span class='ocrx_word' id='word_1_215' title='bbox 1154 2825 1285 2890; x_wconf 83' lang='lat' dir='ltr'>fontem</span> <span class='ocrx_word' id='word_1_216' title='bbox 1317 2825 1419 2890; x_wconf 87' lang='lat' dir='ltr'>etiam</span> <span class='ocrx_word' id='word_1_217' title='bbox 1450 2824 1485 2889; x_wconf 90' lang='lat' dir='ltr'>in</span> 
     </span>
     <span class='ocr_line' id='line_1_25' title="bbox 204 2931 1486 3018; baseline -0.004 -19"><span class='ocrx_word' id='word_1_218' title='bbox 204 2933 378 2999; x_wconf 82' lang='lat' dir='ltr'>afferenda</span> <span class='ocrx_word' id='word_1_219' title='bbox 403 2933 558 2998; x_wconf 45' lang='lat' dir='ltr'>Cratetis*</span> <span class='ocrx_word' id='word_1_220' title='bbox 577 2933 727 2998; x_wconf 90' lang='lat' dir='ltr'>doctrina</span> <span class='ocrx_word' id='word_1_221' title='bbox 755 2932 861 2998; x_wconf 92' lang='lat' dir='ltr'>multo</span> <span class='ocrx_word' id='word_1_222' title='bbox 892 2933 998 2998; x_wconf 85' lang='lat' dir='ltr'>fuisse</span> <span class='ocrx_word' id='word_1_223' title='bbox 1028 2933 1245 2999; x_wconf 55' lang='lat' dir='ltr'>uberiorem:</span> <span class='ocrx_word' id='word_1_224' title='bbox 1264 2953 1350 3018; x_wconf 90' lang='lat' dir='ltr'>quae</span> <span class='ocrx_word' id='word_1_225' title='bbox 1380 2931 1486 2998; x_wconf 89' lang='lat' dir='ltr'>verba</span> 
     </span>
     <span class='ocr_line' id='line_1_26' title="bbox 203 3037 1484 3126; baseline -0.002 -22"><span class='ocrx_word' id='word_1_226' title='bbox 203 3042 312 3126; x_wconf 92' lang='lat' dir='ltr'>ipsum</span> <span class='ocrx_word' id='word_1_227' title='bbox 336 3039 551 3105; x_wconf 80' lang='lat' dir='ltr'>Eustathium</span> <span class='ocrx_word' id='word_1_228' title='bbox 575 3038 742 3105; x_wconf 91' lang='lat' dir='ltr'>addidisse</span> <span class='ocrx_word' id='word_1_229' title='bbox 769 3061 827 3125; x_wconf 94' lang='lat' dir='ltr'>pro</span> <span class='ocrx_word' id='word_1_230' title='bbox 853 3040 924 3105; x_wconf 89' lang='lat' dir='ltr'>eius</span> <span class='ocrx_word' id='word_1_231' title='bbox 948 3042 1072 3105; x_wconf 88' lang='lat' dir='ltr'>natura</span> <span class='ocrx_word' id='word_1_232' title='bbox 1102 3037 1155 3126; x_wconf 85' lang='lat' dir='ltr'>(cf.</span> <span class='ocrx_word' id='word_1_233' title='bbox 1180 3038 1363 3120; x_wconf 82' lang='lat' dir='ltr'>Schwabe,</span> <span class='ocrx_word' id='word_1_234' title='bbox 1393 3038 1484 3104; x_wconf 88' lang='lat' dir='ltr'>Atti-</span> 
     </span>
     <span class='ocr_line' id='line_1_27' title="bbox 204 3145 1484 3234; baseline -0.004 -21"><span class='ocrx_word' id='word_1_235' title='bbox 204 3148 363 3213; x_wconf 87' lang='lat' dir='ltr'>cistarum</span> <span class='ocrx_word' id='word_1_236' title='bbox 381 3145 441 3229; x_wconf 82' lang='lat' dir='ltr'>irg.</span> <span class='ocrx_word' id='word_1_237' title='bbox 464 3168 494 3232; x_wconf 93' lang='lat' dir='ltr'>p.</span> <span class='ocrx_word' id='word_1_238' title='bbox 509 3148 550 3212; x_wconf 90' lang='lat'>13</span> <span class='ocrx_word' id='word_1_239' title='bbox 567 3147 649 3234; x_wconf 79' lang='lat' dir='ltr'>sqq.)</span> <span class='ocrx_word' id='word_1_240' title='bbox 665 3147 736 3212; x_wconf 90' lang='lat' dir='ltr'>veri</span> <span class='ocrx_word' id='word_1_241' title='bbox 752 3149 804 3212; x_wconf 93' lang='lat' dir='ltr'>est</span> <span class='ocrx_word' id='word_1_242' title='bbox 820 3146 959 3212; x_wconf 89' lang='lat' dir='ltr'>similius</span> <span class='ocrx_word' id='word_1_243' title='bbox 976 3168 1077 3232; x_wconf 91' lang='lat' dir='ltr'>quam</span> <span class='ocrx_word' id='word_1_244' title='bbox 1094 3167 1230 3213; x_wconf 89' lang='lat' dir='ltr'>consere</span> <span class='ocrx_word' id='word_1_245' title='bbox 1247 3167 1325 3211; x_wconf 89' lang='lat' dir='ltr'>eum</span> <span class='ocrx_word' id='word_1_246' title='bbox 1342 3146 1484 3212; x_wconf 76' lang='lat' dir='ltr'>Cratetis</span> 
     </span>
     <span class='ocr_line' id='line_1_28' title="bbox 205 3253 1485 3340; baseline -0.001 -22"><span class='ocrx_word' id='word_1_247' title='bbox 205 3253 386 3320; x_wconf 88' lang='lat' dir='ltr'>doctrinam</span> <span class='ocrx_word' id='word_1_248' title='bbox 412 3274 513 3340; x_wconf 88' lang='lat' dir='ltr'>quam</span> <span class='ocrx_word' id='word_1_249' title='bbox 537 3256 653 3319; x_wconf 89' lang='lat' dir='ltr'>auctor</span> <span class='ocrx_word' id='word_1_250' title='bbox 673 3254 828 3319; x_wconf 88' lang='lat' dir='ltr'>exhibuit</span> <span class='ocrx_word' id='word_1_251' title='bbox 855 3275 916 3319; x_wconf 91' lang='lat' dir='ltr'>suo</span> <span class='ocrx_word' id='word_1_252' title='bbox 945 3254 1096 3320; x_wconf 91' lang='lat' dir='ltr'>omisisse</span> <span class='ocrx_word' id='word_1_253' title='bbox 1121 3253 1246 3335; x_wconf 86' lang='lat' dir='ltr'>Marte;</span> <span class='ocrx_word' id='word_1_254' title='bbox 1278 3274 1382 3318; x_wconf 89' lang='lat' dir='ltr'>causa</span> <span class='ocrx_word' id='word_1_255' title='bbox 1404 3272 1485 3317; x_wconf 90' lang='lat' dir='ltr'>vero</span> 
     </span>
     <span class='ocr_line' id='line_1_29' title="bbox 205 3357 1486 3446; baseline -0.002 -21"><span class='ocrx_word' id='word_1_256' title='bbox 205 3360 349 3426; x_wconf 87' lang='lat' dir='ltr'>addendi</span> <span class='ocrx_word' id='word_1_257' title='bbox 372 3361 403 3426; x_wconf 93' lang='lat' dir='ltr'>ei</span> <span class='ocrx_word' id='word_1_258' title='bbox 427 3362 508 3445; x_wconf 84' lang='lat' dir='ltr'>erat,</span> <span class='ocrx_word' id='word_1_259' title='bbox 541 3360 628 3446; x_wconf 91' lang='lat' dir='ltr'>quod</span> <span class='ocrx_word' id='word_1_260' title='bbox 653 3360 700 3424; x_wconf 92' lang='lat' dir='ltr'>nil</span> <span class='ocrx_word' id='word_1_261' title='bbox 723 3359 865 3446; x_wconf 82' lang='lat' dir='ltr'>amphus</span> <span class='ocrx_word' id='word_1_262' title='bbox 890 3359 930 3426; x_wconf 94' lang='lat' dir='ltr'>de</span> <span class='ocrx_word' id='word_1_263' title='bbox 955 3360 1087 3426; x_wconf 79' lang='lat' dir='ltr'>Gratete</span> <span class='ocrx_word' id='word_1_264' title='bbox 1112 3381 1214 3446; x_wconf 90' lang='lat' dir='ltr'>quam</span> <span class='ocrx_word' id='word_1_265' title='bbox 1245 3381 1307 3425; x_wconf 88' lang='lat' dir='ltr'>uos</span> <span class='ocrx_word' id='word_1_266' title='bbox 1329 3357 1427 3424; x_wconf 89' lang='lat' dir='ltr'>hodie</span> <span class='ocrx_word' id='word_1_267' title='bbox 1450 3359 1486 3422; x_wconf 90' lang='lat' dir='ltr'>in</span> 
     </span>
     <span class='ocr_line' id='line_1_30' title="bbox 205 3464 1486 3550; baseline -0.003 -18"><span class='ocrx_word' id='word_1_268' title='bbox 205 3467 337 3533; x_wconf 88' lang='lat' dir='ltr'>scholiis</span> <span class='ocrx_word' id='word_1_269' title='bbox 372 3467 460 3550; x_wconf 86' lang='lat' dir='ltr'>legit.</span> <span class='ocrx_word' id='word_1_270' title='bbox 522 3467 576 3532; x_wconf 84' lang='lat' dir='ltr'>Sic</span> <span class='ocrx_word' id='word_1_271' title='bbox 606 3466 707 3550; x_wconf 86' lang='lat' dir='ltr'>igitur</span> <span class='ocrx_word' id='word_1_272' title='bbox 740 3488 782 3532; x_wconf 91' lang='lat' dir='ltr'>ex</span> <span class='ocrx_word' id='word_1_273' title='bbox 812 3466 1043 3536; x_wconf 80' lang='lat' dir='ltr'>Eustathii</span> <span class='ocrx_word' id='word_1_274' title='bbox 1072 3467 1183 3534; x_wconf 90' lang='lat' dir='ltr'>verbis</span> <span class='ocrx_word' id='word_1_275' title='bbox 1214 3487 1256 3532; x_wconf 89' lang='lat' dir='ltr'>ne</span> <span class='ocrx_word' id='word_1_276' title='bbox 1288 3464 1320 3531; x_wconf 90' lang='lat' dir='ltr'>id</span> <span class='ocrx_word' id='word_1_277' title='bbox 1352 3464 1486 3550; x_wconf 89' lang='lat' dir='ltr'>quidem</span> 
     </span>
     <span class='ocr_line' id='line_1_31' title="bbox 205 3572 1486 3640; baseline -0.003 0"><span class='ocrx_word' id='word_1_278' title='bbox 205 3577 333 3640; x_wconf 90' lang='lat' dir='ltr'>certum</span> <span class='ocrx_word' id='word_1_279' title='bbox 364 3577 416 3640; x_wconf 89' lang='lat' dir='ltr'>est</span> <span class='ocrx_word' id='word_1_280' title='bbox 440 3574 608 3640; x_wconf 81' lang='lat' dir='ltr'>Cratotem</span> <span class='ocrx_word' id='word_1_281' title='bbox 635 3575 670 3638; x_wconf 92' lang='lat' dir='ltr'>in</span> <span class='ocrx_word' id='word_1_282' title='bbox 693 3573 776 3639; x_wconf 92' lang='lat' dir='ltr'>libro</span> <span class='ocrx_word' id='word_1_283' title='bbox 809 3596 870 3639; x_wconf 89' lang='lat' dir='ltr'>suo</span> <span class='ocrx_word' id='word_1_284' title='bbox 894 3574 946 3640; x_wconf 95' lang='lat' dir='ltr'>his</span> <span class='ocrx_word' id='word_1_285' title='bbox 970 3574 1011 3640; x_wconf 93' lang='lat' dir='ltr'>de</span> <span class='ocrx_word' id='word_1_286' title='bbox 1038 3575 1138 3640; x_wconf 91' lang='lat' dir='ltr'>rebus</span> <span class='ocrx_word' id='word_1_287' title='bbox 1170 3574 1358 3640; x_wconf 88' lang='lat' dir='ltr'>accuratius</span> <span class='ocrx_word' id='word_1_288' title='bbox 1381 3572 1486 3638; x_wconf 85' lang='lat' dir='ltr'>verba</span> 
     </span>
     <span class='ocr_line' id='line_1_32' title="bbox 204 3678 1486 3768; baseline -0.003 -21"><span class='ocrx_word' id='word_1_289' title='bbox 204 3682 332 3748; x_wconf 88' lang='lat' dir='ltr'>fecisse.</span> <span class='ocrx_word' id='word_1_290' title='bbox 379 3681 496 3768; x_wconf 88' lang='lat' dir='ltr'>ltaque</span> <span class='ocrx_word' id='word_1_291' title='bbox 529 3702 571 3746; x_wconf 89' lang='lat' dir='ltr'>ex</span> <span class='ocrx_word' id='word_1_292' title='bbox 598 3680 797 3746; x_wconf 88' lang='lat' dir='ltr'>scholiorum</span> <span class='ocrx_word' id='word_1_293' title='bbox 820 3684 883 3746; x_wconf 85' lang='lat' dir='ltr'>BT</span> <span class='ocrx_word' id='word_1_294' title='bbox 908 3682 1022 3767; x_wconf 88' lang='lat' dir='ltr'>primis</span> <span class='ocrx_word' id='word_1_295' title='bbox 1054 3681 1239 3747; x_wconf 88' lang='lat' dir='ltr'>enuntiatis</span> <span class='ocrx_word' id='word_1_296' title='bbox 1271 3678 1486 3746; x_wconf 91' lang='lat' dir='ltr'>iudicandum</span> 
     </span>
     <span class='ocr_line' id='line_1_33' title="bbox 205 3786 1377 3876; baseline -0.002 -22"><span class='ocrx_word' id='word_1_297' title='bbox 205 3791 273 3869; x_wconf 74' lang='grc' dir='ltr'>θεῖς</span> <span class='ocrx_word' id='word_1_298' title='bbox 297 3810 383 3876; x_wconf 89' lang='lat' dir='ltr'>quae</span> <span class='ocrx_word' id='word_1_299' title='bbox 407 3789 463 3874; x_wconf 92' lang='lat' dir='ltr'>qui</span> <span class='ocrx_word' id='word_1_300' title='bbox 488 3792 642 3853; x_wconf 87' lang='lat' dir='ltr'>auctores</span> <span class='ocrx_word' id='word_1_301' title='bbox 667 3788 857 3874; x_wconf 91' lang='lat' dir='ltr'>scripserint</span> <span class='ocrx_word' id='word_1_302' title='bbox 880 3792 1035 3854; x_wconf 90' lang='lat' dir='ltr'>accurate</span> <span class='ocrx_word' id='word_1_303' title='bbox 1060 3787 1162 3853; x_wconf 90' lang='lat' dir='ltr'>debet</span> <span class='ocrx_word' id='word_1_304' title='bbox 1185 3786 1377 3852; x_wconf 87' lang='lat' dir='ltr'>examinari.</span> 
     </span>
     <span class='ocr_line' id='line_1_34' title="bbox 312 3892 1486 3982; baseline -0.003 -21"><span class='ocrx_word' id='word_1_305' title='bbox 312 3896 511 3982; x_wconf 88' lang='lat' dir='ltr'>Priusquam</span> <span class='ocrx_word' id='word_1_306' title='bbox 528 3916 606 3961; x_wconf 90' lang='lat' dir='ltr'>vero</span> <span class='ocrx_word' id='word_1_307' title='bbox 632 3894 676 3959; x_wconf 92' lang='lat' dir='ltr'>ad</span> <span class='ocrx_word' id='word_1_308' title='bbox 690 3895 778 3961; x_wconf 89' lang='lat' dir='ltr'>hanc</span> <span class='ocrx_word' id='word_1_309' title='bbox 800 3918 870 3961; x_wconf 88' lang='lat' dir='ltr'>rem</span> <span class='ocrx_word' id='word_1_310' title='bbox 893 3896 1034 3977; x_wconf 88' lang='lat' dir='ltr'>adimus,</span> <span class='ocrx_word' id='word_1_311' title='bbox 1060 3894 1222 3961; x_wconf 92' lang='lat' dir='ltr'>nonnulla</span> <span class='ocrx_word' id='word_1_312' title='bbox 1241 3892 1382 3959; x_wconf 88' lang='lat' dir='ltr'>dicenda</span> <span class='ocrx_word' id='word_1_313' title='bbox 1406 3896 1486 3958; x_wconf 92' lang='lat' dir='ltr'>sunt</span> 
     </span>
     <span class='ocr_line' id='line_1_35' title="bbox 206 4000 1486 4086; baseline -0.002 -20"><span class='ocrx_word' id='word_1_314' title='bbox 206 4001 246 4068; x_wconf 80' lang='lat' dir='ltr'>de</span> <span class='ocrx_word' id='word_1_315' title='bbox 269 4003 381 4069; x_wconf 77' lang='lat' dir='ltr'>Verbis</span> <span class='ocrx_word' id='word_1_316' title='bbox 405 4006 466 4068; x_wconf 79' lang='grc' dir='ltr'><strong><em>ἔστι</em></strong></span> <span class='ocrx_word' id='word_1_317' title='bbox 492 4003 585 4067; x_wconf 80' lang='grc' dir='ltr'><em>δὲτὸ</em></span> <span class='ocrx_word' id='word_1_318' title='bbox 609 4007 775 4086; x_wconf 79' lang='grc' dir='ltr'><strong><em>,,πρώτας“</em></strong></span> <span class='ocrx_word' id='word_1_319' title='bbox 798 4011 862 4068; x_wconf 83' lang='grc' dir='ltr'>τῶν</span> <span class='ocrx_word' id='word_1_320' title='bbox 885 4006 966 4085; x_wconf 83' lang='grc' dir='ltr'><em>πρός</em></span> <span class='ocrx_word' id='word_1_321' title='bbox 989 4029 1024 4066; x_wconf 86' lang='grc' dir='ltr'>τι.</span> <span class='ocrx_word' id='word_1_322' title='bbox 1072 4002 1151 4068; x_wconf 79' lang='lat' dir='ltr'>Cum</span> <span class='ocrx_word' id='word_1_323' title='bbox 1189 4002 1277 4066; x_wconf 78' lang='lat' dir='ltr'>onim</span> <span class='ocrx_word' id='word_1_324' title='bbox 1310 4000 1385 4066; x_wconf 81' lang='lat' dir='ltr'>fieri</span> <span class='ocrx_word' id='word_1_325' title='bbox 1419 4021 1486 4065; x_wconf 90' lang='lat' dir='ltr'>non</span> 
     </span>
     <span class='ocr_line' id='line_1_36' title="bbox 205 4108 1487 4196; baseline -0.004 -21"><span class='ocrx_word' id='word_1_326' title='bbox 205 4111 321 4196; x_wconf 86' lang='lat' dir='ltr'>possit,</span> <span class='ocrx_word' id='word_1_327' title='bbox 346 4112 385 4175; x_wconf 92' lang='lat' dir='ltr'>ut</span> <span class='ocrx_word' id='word_1_328' title='bbox 407 4108 486 4175; x_wconf 90' lang='lat' dir='ltr'>talis</span> <span class='ocrx_word' id='word_1_329' title='bbox 514 4109 566 4175; x_wconf 88' lang='lat' dir='ltr'>his</span> <span class='ocrx_word' id='word_1_330' title='bbox 596 4110 679 4175; x_wconf 91' lang='lat' dir='ltr'>insit</span> <span class='ocrx_word' id='word_1_331' title='bbox 709 4109 910 4193; x_wconf 85' lang='lat' dir='ltr'>significatio</span> <span class='ocrx_word' id='word_1_332' title='bbox 943 4131 1009 4194; x_wconf 89' lang='lat' dir='ltr'>qua</span> <span class='ocrx_word' id='word_1_333' title='bbox 1032 4108 1196 4174; x_wconf 88' lang='lat' dir='ltr'>indicetur</span> <span class='ocrx_word' id='word_1_334' title='bbox 1219 4129 1336 4173; x_wconf 90' lang='lat' dir='ltr'>vocem</span> <span class='ocrx_word' id='word_1_335' title='bbox 1359 4114 1487 4191; x_wconf 82' lang='grc' dir='ltr'><em>πρῶτος</em></span> 
     </span>
     <span class='ocr_line' id='line_1_37' title="bbox 206 4213 1487 4303; baseline -0.004 -21"><span class='ocrx_word' id='word_1_336' title='bbox 206 4237 337 4302; x_wconf 88' lang='lat' dir='ltr'>semper</span> <span class='ocrx_word' id='word_1_337' title='bbox 360 4216 400 4282; x_wconf 91' lang='lat' dir='ltr'>de</span> <span class='ocrx_word' id='word_1_338' title='bbox 423 4215 495 4283; x_wconf 90' lang='lat' dir='ltr'>loco</span> <span class='ocrx_word' id='word_1_339' title='bbox 520 4216 664 4303; x_wconf 91' lang='lat' dir='ltr'>quodam</span> <span class='ocrx_word' id='word_1_340' title='bbox 688 4215 946 4300; x_wconf 86' lang='lat' dir='ltr'>intellegendam</span> <span class='ocrx_word' id='word_1_341' title='bbox 971 4238 1043 4282; x_wconf 91' lang='lat' dir='ltr'>esse</span> <span class='ocrx_word' id='word_1_342' title='bbox 1068 4214 1111 4280; x_wconf 89' lang='lat' dir='ltr'>ad</span> <span class='ocrx_word' id='word_1_343' title='bbox 1135 4237 1234 4302; x_wconf 89' lang='lat' dir='ltr'>quem</span> <span class='ocrx_word' id='word_1_344' title='bbox 1251 4213 1330 4302; x_wconf 93' lang='lat' dir='ltr'>quid</span> <span class='ocrx_word' id='word_1_345' title='bbox 1345 4215 1487 4301; x_wconf 89' lang='lat' dir='ltr'>primum</span> 
     </span>
     <span class='ocr_line' id='line_1_38' title="bbox 207 4319 1486 4409; baseline -0.002 -22"><span class='ocrx_word' id='word_1_346' title='bbox 207 4324 260 4407; x_wconf 82' lang='lat' dir='ltr'>sit,</span> <span class='ocrx_word' id='word_1_347' title='bbox 284 4323 347 4389; x_wconf 87' lang='lat' dir='ltr'>hoc</span> <span class='ocrx_word' id='word_1_348' title='bbox 374 4327 455 4409; x_wconf 84' lang='grc' dir='ltr'><em>πρός</em></span> <span class='ocrx_word' id='word_1_349' title='bbox 478 4351 504 4388; x_wconf 82' lang='grc' dir='ltr'>τι</span> <span class='ocrx_word' id='word_1_350' title='bbox 527 4323 728 4390; x_wconf 85' lang='lat' dir='ltr'>vocabulum</span> <span class='ocrx_word' id='word_1_351' title='bbox 761 4326 812 4389; x_wconf 89' lang='lat' dir='ltr'>est</span> <span class='ocrx_word' id='word_1_352' title='bbox 845 4325 926 4389; x_wconf 90' lang='lat' dir='ltr'>artis</span> <span class='ocrx_word' id='word_1_353' title='bbox 958 4322 1056 4408; x_wconf 92' lang='lat' dir='ltr'>quale</span> <span class='ocrx_word' id='word_1_354' title='bbox 1088 4325 1256 4388; x_wconf 88' lang='lat' dir='ltr'>noverunt</span> <span class='ocrx_word' id='word_1_355' title='bbox 1278 4319 1486 4402; x_wconf 58' lang='lat' dir='ltr'>Aristoteles</span> 
     </span>
    </p>
   </div>
   <div class='ocr_carea' id='block_1_3' title="bbox 314 4553 1237 4624">
    <p class='ocr_par' dir='ltr' id='par_1_3' title="bbox 314 4553 1237 4624">
     <span class='ocr_line' id='line_1_39' title="bbox 314 4553 1237 4624; baseline -0.004 -14"><span class='ocrx_word' id='word_1_356' title='bbox 314 4556 333 4624; x_wconf 92' lang='lat'>¹)</span> <span class='ocrx_word' id='word_1_357' title='bbox 354 4557 435 4611; x_wconf 86' lang='lat' dir='ltr'>Hunc</span> <span class='ocrx_word' id='word_1_358' title='bbox 453 4572 566 4610; x_wconf 87' lang='lat' dir='ltr'>versum</span> <span class='ocrx_word' id='word_1_359' title='bbox 585 4572 642 4609; x_wconf 93' lang='lat' dir='ltr'>non</span> <span class='ocrx_word' id='word_1_360' title='bbox 661 4558 739 4609; x_wconf 88' lang='lat' dir='ltr'>recte</span> <span class='ocrx_word' id='word_1_361' title='bbox 757 4554 897 4609; x_wconf 85' lang='lat' dir='ltr'>intellexit</span> <span class='ocrx_word' id='word_1_362' title='bbox 915 4555 960 4608; x_wconf 91' lang='lat' dir='ltr'>W.</span> <span class='ocrx_word' id='word_1_363' title='bbox 980 4554 1117 4608; x_wconf 84' lang='lat' dir='ltr'>Ribbeck.</span> <span class='ocrx_word' id='word_1_364' title='bbox 1136 4571 1163 4624; x_wconf 93' lang='lat' dir='ltr'>p.</span> <span class='ocrx_word' id='word_1_365' title='bbox 1176 4553 1237 4607; x_wconf 83' lang='grc'><strong>617.</strong></span> 
     </span>
    </p>
   </div>
   <div class='ocr_carea' id='block_1_4' title="bbox 0 0 1696 5032">
    <p class='ocr_par' dir='ltr' id='par_1_4' title="bbox 0 0 1696 5032">
     <span class='ocr_line' id='line_1_40' title="bbox 0 0 1696 5032; baseline 0 0"><span class='ocrx_word' id='word_1_366' title='bbox 0 0 1696 5032; x_wconf 95' lang='lat' dir='ltr'> </span> 
     </span>
    </p>
   </div>
  </div>
 </body>
</html>
