3368 5032
728 296 950 360 -30..

197 472 286 558 quod
310 476 344 538 et
368 471 410 537 ad
434 493 552 538 versus
575 473 740 539 rationem
757 476 792 539 et
808 473 851 538 ad
867 494 1004 539 sensum
1020 472 1164 560 quadrat
1180 476 1304 561 optime
1321 493 1363 541 ex
1379 497 1480 565 versu

198 606 226 644 ω
249 578 315 644 432
346 578 412 644 huc
443 579 571 644 (1010111.
625 579 719 659 Quod
753 582 843 646 recte
870 601 955 646 >eum
989 579 1109 646 fecisse
1145 602 1261 647 omnes
1293 584 1413 668 spretis
1445 586 1480 649 et

128 733 130 737 ι
197 685 484 752 Aristarcheorum
515 689 550 751 et
572 685 768 752 Heraclidae
799 687 976 753 sententiis
1008 686 1199 753 concedent.
1246 688 1351 772 Igitur
1378 691 1479 755 etiam

198 792 313 859 Grates
322 814 422 858 usum
436 793 565 859 dicendi
574 793 786 858 Homericum
797 792 931 859 videtur
942 793 996 858 hic
1008 793 1062 858 vel
1074 793 1140 860 illic
1151 798 1382 880 perscrutatus
1396 817 1480 864 esse.

306 899 516 965 Postremum
548 900 766 965 adnectamus
799 900 876 966 olim
908 902 1011 966 etiam
1042 901 1146 967 verba
1181 901 1359 968 Aristonici
1391 925 1480 969 nunc

198 1006 322 1072 omissa
344 1008 457 1072 versui
480 1007 583 1072 luisse
607 1006 790 1092 adscripta:
813 1028 893 1072 narn
917 1010 1028 1091 διπλῆς
1049 1010 1132 1074 nota
1149 1009 1192 1074 ad
1208 1029 1343 1075 versum
1358 1012 1392 1075 in
1409 1011 1478 1076 cod.

198 1113 280 1178 Ven.
302 1117 331 1175 A
353 1113 432 1178 folio
457 1113 521 1179 315
552 1136 583 1179 v.
607 1117 744 1180 servata
775 1117 835 1196 est,
869 1135 970 1201 quam
1001 1135 1091 1180 more
1123 1115 1220 1181 solito
1249 1116 1480 1182 Aristarchum

198 1220 300 1284 etiam
325 1221 481 1299 hocloco
506 1223 541 1286 01
563 1225 680 1287 contra
703 1220 884 1287 adversarii
908 1222 1112 1286 sententiam
1137 1226 1171 1288 et
1195 1223 1238 1288 ad
1262 1243 1357 1289 suam
1374 1223 1479 1308 ipsius

199 1327 455 1412 explicationem
489 1349 556 1413 qua
588 1327 682 1392 illum
724 1328 885 1393 refutavit
916 1327 1112 1413 adposuisse
1152 1350 1349 1415 persuasum
1384 1329 1481 1395 nobis

199 1436 286 1515 est.²)
309 1434 534 1501 Aristonicum
558 1434 659 1517 igitur
682 1435 748 1500 lere
765 1434 848 1500 haec
863 1434 916 1499 hic
932 1433 1114 1500 adnotasse
1131 1437 1321 1521 opinamur:
1339 1440 1358 1520 ἡ
1377 1439 1478 1520 διπλῆ,

199 1543 244 1605 ὅτι
267 1542 395 1624 Κράτης
428 1543 544 1625 γράφει
571 1544 727 1625 κατηφέες
751 1543 979 1625 ’Ἀρίσταρχος
1002 1541 1037 1606 δὲ
1059 1545 1236 1626 κατηφόνες
1249 1563 1255 1578 ·
1268 1545 1397 1627 θηλυκῇ
1419 1545 1480 1626 γὰρ

197 1651 394 1732 προςηγορίᾳ
417 1650 564 1714 ὀνειδίσαι
586 1649 660 1720 τοὺς
681 1650 770 1720 υἱοὺς
793 1650 948 1732 ἠθέλησεν
972 1650 1040 1713 οἷον
1062 1651 1262 1733 nordmanni)

305 1843 504 1929 Priusquam
528 1864 605 1909 vero
629 1843 733 1908 finem
756 1843 856 1909 huius
881 1841 1121 1929 disquisitionis
1144 1843 1295 1926 facimus,
1313 1844 1480 1926 agendum

200 1955 253 2016 est
280 1950 320 2015 de
345 1949 475 2016 duobus
498 1950 578 2016 locis
604 1950 669 2036 001,
691 1971 895 2035 quamquam
913 1951 1479 2039 000101100000000000100110οο

199 2057 297 2130 modo
334 2058 547 2122 coniunctum
583 2061 644 2140 est,
676 2059 792 2122 tamen
825 2057 867 2122 ad
903 2057 1090 2123 sententias
1126 2058 1197 2123 eius
1233 2057 1480 2141 cognoscendas

201 2164 271 2250 apti
305 2184 373 2229 non
408 2167 495 2230 sunt.
552 2162 715 2250 Didymus
751 2165 836 2229 enim
872 2162 975 2229 tradit
1010 2163 1063 2248 (cf.
1098 2162 1277 2248 Ludwich,
1313 2164 1436 2230 ΑΗΤΚ
1466 2164 1481 2229 Ι

198 2293 228 2358 p.
245 2271 320 2353 295,
337 2272 372 2357 8)
397 2270 647 2337 Parmeniscum
670 2271 852 2336 Aristarchi
875 2271 980 2356 ipsius
1006 2270 1204 2356 discipulum
1227 2275 1261 2337 ἐν
1282 2280 1329 2355 τῷ
1352 2274 1381 2336 α’
1397 2273 1480 2355 πρὸς

200 2381 348 2462 Κράτητα
381 2378 566 2443 affirmasse
598 2377 827 2443 Aristarchum
858 2377 912 2463 (cf.
944 2376 1044 2443 schol.
1077 2379 1108 2442 Τ
1127 2379 1170 2444 ad
1198 2379 1227 2443 Θ
1251 2378 1328 2466 513)
1358 2377 1480 2460 legisse

201 2487 267 2550 ἀλλ’
293 2488 340 2557 ὥς
362 2511 405 2556 τις
428 2488 542 2550 κείνων
569 2511 603 2568 γε
632 2486 667 2550 10
698 2505 796 2550 versu
832 2484 948 2550 e513
980 2483 1030 2567 (cf.
1054 2484 1223 2550 Wachsm.
1254 2507 1284 2572 p.
1308 2485 1352 2550 20
1382 2507 1413 2550 0.
1441 2485 1481 2569 1).

202 2591 286 2672 Quid
316 2612 395 2658 vero
427 2592 491 2657 hoc
521 2591 592 2657 1000
621 2591 736 2657 Crates
768 2591 934 2676 scripserit
965 2591 1035 2656 erui
1066 2591 1192 2677 nequit.
1239 2594 1350 2677 Atque
1381 2612 1424 2657 00
1447 2591 1482 2656 id

201 2698 334 2785 quidem
369 2703 457 2764 certe
480 2701 593 2784 potest
628 2697 700 2779 (1101,
735 2719 817 2762 num
850 2698 965 2763 Crates
1000 2697 1097 2763 aliter
1131 2702 1233 2783 atque
1265 2697 1480 2764 Aristarchus

200 2806 331 2889 legerit3
367 2805 455 2891 quod
489 2809 604 2871 tamen
639 2803 713 2870 ideo
750 2804 881 2870 credere
917 2826 977 2891 par
1008 2804 1190 2891 estquod,
1216 2807 1244 2870 si
1268 2809 1407 2890 uterque
1434 2806 1482 2870 vir

202 2912 320 2978 doctus
354 2913 443 2978 idem
473 2912 620 2995 legisset,
652 2912 814 2998 Didymus
846 2911 899 2977 hic
930 2912 998 2978 aha
1020 2912 1124 2977 verba
1148 2911 1374 2994 adhibuisset;
1398 2933 1481 2997 qua-

201 3022 335 3106 propter
357 3020 427 3086 veri
449 3019 582 3085 videtur
605 3019 711 3084 simile
728 3018 893 3084 Oratetem
917 3019 980 3084 hoc
1002 3019 1036 3084 in
1057 3040 1156 3085 versu
1171 3018 1344 3101 vulgatam
1360 3018 1481 3100 legisse

203 3132 237 3193 et
267 3127 426 3213 probasse
458 3127 651 3212 scripturam
685 3147 786 3212 quam
810 3125 1023 3191 Aristarchus
1055 3126 1095 3191 de
1125 3126 1225 3191 rebus
1257 3127 1482 3208 grammaticis

203 3234 308 3299 multo
339 3234 446 3316 magis
478 3233 615 3298 edoctus
647 3231 699 3320 (cf.
724 3231 873 3318 Apollon.
897 3233 1004 3319 Dysc.‚
1035 3230 1075 3298 de
1098 3232 1292 3318 pronomine
1316 3255 1345 3319 p.
1370 3232 1481 3314 57,19

202 3341 352 3423 ascha),
385 3340 443 3406 sed
474 3344 590 3405 tamen
621 3339 719 3404 nimis
747 3339 881 3422 linguae
911 3338 1041 3422 legibus
1073 3339 1253 3405 obsecutus
1285 3338 1397 3405 omisit
1426 3337 1481 3403 vel

203 3449 313 3534 potius
344 3447 379 3511 in
413 3446 649 3513 commentario
682 3447 834 3512 omittere
866 3467 939 3511 sese
971 3444 1070 3510 malle
1093 3444 1184 3511 dixit.
1231 3445 1281 3510 Ex
1305 3445 1378 3511 aliis
1402 3466 1481 3510 vero

203 3554 407 3619 Parmenisci
444 3553 640 3637 fragmentis
679 3553 720 3618 de
754 3554 883 3619 ratione
919 3573 1004 3638 quae
1040 3555 1092 3617 est
1125 3552 1212 3617 inter
1247 3551 1413 3617 Dratetem
1449 3555 1483 3617 et

204 3661 451 3726 Parmeniscum
476 3660 557 3726 nihil
580 3663 692 3746 potest
714 3660 873 3742 indagari.

310 3767 401 3832 Idem
434 3767 597 3854 Didymus
620 3767 771 3854 Dionysii
804 3766 939 3832 Thracis
978 3765 1098 3831 librum
1131 3766 1212 3848 πρὸς
1246 3765 1395 3849 Κράτητα
1428 3764 1483 3828 10-

205 3875 315 3972 spexit
335 3874 385 3957 (ct.
401 3874 529 3940 Lehrs.l
552 3897 581 3960 p.
605 3873 664 3958 26;
688 3873 865 3955 Ludwich.,
890 3871 1021 3953 AHTK,
1046 3871 1060 3936 l
1083 3893 1113 3957 p.
1137 3869 1212 3950 306,
1230 3871 1294 3956 30),
1320 3875 1358 3937 01
1382 3891 1483 3956 quam

204 3982 239 4045 10
267 4002 367 4047 versu
390 3982 497 4047 1464
528 3980 740 4046 Aristarchus
776 3981 941 4066 acciperet
972 3979 1169 4064 scripturam
1200 3981 1414 4061 cognosceret
1444 3997 1484 4042 ac

206 4086 464 4172 demonstraret3
489 4089 542 4154 hic
573 4090 661 4154 enim
693 4108 760 4152 000
794 4107 923 4172 semper
950 4086 1038 4151 idem
1061 4083 1218 4151 hocloco
1243 4084 1482 4170 comprobavit,

313 4287 332 4352 ¹)
351 4285 422 4338 Rem
440 4283 524 4354 igitur
543 4301 600 4337 000
619 4282 762 4354 perspexit
773 4283 817 4337 W.
831 4281 974 4347 Ribbeck„
987 4281 1071 4334 Jahn.
1084 4281 1177 4334 annal.
1190 4279 1277 4334 LXVI
1291 4278 1360 4333 1852
1372 4295 1398 4348 p.
1411 4278 1484 4333 1411.

312 4374 332 4442 ²)
357 4373 509 4428 Aristonici
535 4372 695 4442 fragmenta
724 4387 797 4426 nunc
820 4371 922 4425 iterum
948 4369 1106 4438 colligenda
1130 4385 1191 4423 esse
1214 4384 1379 4437 persuasum
1404 4367 1485 4422 nobis

207 4466 263 4528 esu
291 4461 360 4516 item
377 4461 528 4516 Herodiaui
555 4461 640 4516 libros
668 4476 742 4515 nunc
770 4459 868 4514 melius
897 4475 981 4530 quam
1008 4459 1104 4529 potuit
1122 4458 1256 4512 Lentzius
1274 4472 1357 4528 posse
1375 4455 1485 4510 restitui

206 4551 380 4606 arbitramur.
