3368 5032
732 249 952 315 ..39-

201 429 384 494 Aristarchi
415 449 498 514 quos
529 428 706 493 Naucratis
738 427 872 493 nomine
900 426 1149 512 comprehendit
1180 448 1294 492 secum
1322 426 1482 495 disserere

200 534 287 602 fecit.
345 534 534 600 Zenodotus
567 535 668 617 igitur
698 556 779 599 num
809 533 911 599 fuerit
927 592 929 599 .
944 533 1087 599 Cratetis
1119 534 1300 620 discipulus
1331 556 1483 620 prorsum

199 642 322 727 latetl)
376 640 442 706 Sed
473 643 575 706 etiam
607 663 648 706 ea
678 641 712 705 in
736 662 770 706 re
794 640 985 729 Zenodotus
1009 640 1150 706 Cratetis
1174 640 1325 724 vestigiis
1348 642 1481 727 institit,

200 748 289 834 quod
311 749 407 814 Arati
438 748 588 813 studium
619 747 754 813 minime
785 747 934 829 neglexit
964 745 1015 834 (cf.
1047 747 1178 830 Maass.,
1212 749 1314 830 Arat.‚
1346 771 1376 834 p.
1400 749 1482 832 2633

199 855 275 920 AIR
297 877 327 940 p.
345 855 419 938 347,
438 856 457 919 3
475 859 565 940 sqq),
591 855 662 920 sive
683 854 771 939 quod
788 854 828 919 de
845 855 978 919 nomine
996 853 1131 919 dictami
1147 855 1270 920 herbae
1287 855 1483 922 observavit

200 961 243 1027 ad
259 962 372 1027 studia
386 961 564 1027 Homerica
586 961 732 1046 pertinet
756 962 827 1026 sive
851 961 1012 1027 traditum
1036 964 1154 1026 estex
1178 963 1415 1028 commentario
1440 961 1482 1028 ad

200 1071 340 1134 Aratum
366 1068 496 1153 scripto.
1529 1057 1531 1062 ¹

306 1175 342 1240 Si
369 1197 448 1241 vero
480 1175 671 1261 quaerimus
703 1197 760 1241 cur
791 1175 906 1240 Crates
930 1177 1102 1261 putaverit
1124 1177 1186 1241 hoc
1211 1176 1406 1258 cognomine
1430 1175 1481 1240 iu-

199 1281 300 1347 dicari
330 1282 520 1367 Apollinem
552 1303 625 1347 esse
650 1280 824 1364 medicum,
856 1283 999 1367 primum
1028 1282 1203 1368 explicatio
1237 1282 1313 1348 inde
1337 1281 1483 1368 petenda

81 1413 82 1416 ¹
134 1420 135 1423 ¹
200 1396 261 1471 est,
287 1387 375 1474 quod
392 1390 481 1474 apud
498 1387 699 1454 Graecorum
723 1391 758 1454 et
780 1393 899 1474 poetas
924 1392 959 1453 et
980 1390 1155 1474 scriptores
1171 1390 1255 1454 haec
1272 1389 1311 1455 de
1328 1389 1482 1475 Apolline

198 1495 325 1561 medico
348 1497 518 1561 sententia
541 1495 751 1582 iampridem
767 1495 1001 1580 praevalebat3
1026 1496 1262 1580 antiquissima
1278 1497 1366 1560 enim
1382 1496 1481 1562 testi·
1609 1515 1611 1520 ·

199 1602 312 1667 monia
336 1605 416 1668 sunt
438 1606 570 1688 praeter
592 1603 825 1688 inscriptiones
847 1602 898 1688 (cl.
915 1602 1112 1684 Werniclre„
1130 1589 1270 1682 PWRE,
1288 1625 1312 1668 s.
1328 1625 1358 1668 n.
1376 1602 1482 1687 Apoll.

198 1709 227 1773 Il
245 1731 268 1775 c.
285 1711 334 1792 15,
349 1710 391 1774 57
402 1710 485 1796 sqq.)
501 1708 659 1794 Aeschyli
677 1709 935 1792 Agamemnonis
951 1709 1087 1774 fabulae
1105 1731 1194 1775 anno
1210 1709 1276 1776 458
1296 1710 1331 1774 111
1347 1731 1482 1774 scenam

198 1815 348 1901 prolatae
373 1838 492 1881 versus
519 1816 590 1882 199.
617 1815 710 1883 1248.
764 1817 876 1902 Atque
899 1816 968 1880 iam
999 1817 1103 1882 altero
1135 1838 1220 1881 saec.
1242 1816 1281 1881 V.
1302 1840 1330 1883 a.
1356 1817 1427 1883 Chr.
1450 1838 1482 1881 11.

199 1923 332 1988 dimidio
356 1923 544 2008 Apollinem
574 1923 740 1988 medicum
772 1922 861 2009 apud
884 1921 1029 1989 Graecos
1061 1923 1272 1988 notissimum
1303 1923 1408 1989 fuisse
1440 1945 1483 1988 ex

199 2051 237 2094 eo
272 2030 390 2112 elucet,
424 2029 512 2114 quod
546 2028 603 2094 illa
636 2032 749 2095 aetate
760 2032 786 2115 2)
818 2050 838 2094 a
868 2029 1029 2095 Romanis
1054 2029 1216 2116 Apollinis
1240 2029 1404 2095 Salutaris
1428 2030 1483 2095 vel

198 2135 317 2201 Medici
347 2136 508 2222 templum
531 2136 658 2202 Romae
687 2136 900 2202 aedificatum
932 2139 992 2202 est.
1047 2139 1157 2222 Atque
1190 2157 1231 2201 ex
1263 2136 1336 2202 aliis
1367 2136 1481 2202 multis

199 2242 323 2308 saeculi
336 2243 373 2307 V.
388 2245 542 2308 exeuntis
566 2243 766 2309 testimoniis
792 2264 1023 2308 enumeremus
1040 2244 1136 2309 haec:
1159 2244 1324 2329 Aristoph.
1342 2245 1403 2309 Av.
1417 2243 1483 2309 584

199 2349 306 2438 (lily
341 2350 450 2436 Eurip.
478 2349 634 2415 Androm.
659 2350 724 2416 900
748 2349 856 2438 (412);
888 2351 987 2415 Arist.
1015 2350 1106 2435 Lyst.
1134 2350 1219 2415 1282
1243 2349 1351 2437 (411);
1383 2350 1481 2436 Soph.

198 2456 335 2521 Philoct.
365 2457 425 2521 170
451 2455 561 2542 (409);
590 2458 756 2543 Aristoph.
781 2457 866 2524 Plut.
892 2457 997 2543 quq.
1022 2457 1214 2545 0361188).
1261 2456 1355 2521 Adde
1379 2457 1482 2522 etiam

198 2562 282 2628 Plat.
308 2563 428 2650 Cratyl.
452 2562 518 2629 405
543 2566 581 2629 A.
596 2564 628 2631 C.
659 2562 712 2649 (ci.
737 2564 869 2629 Cornut.
894 2586 919 2629 e.
937 2564 1009 2652 32);
1036 2564 1179 2650 Lycoph.
1203 2564 1298 2630 Alex.
1324 2564 1410 2628 1200
1434 2585 1481 2649 sq.

202 2671 300 2755 13773
329 2669 453 2736 Callim.
477 2671 590 2756 hymn.
614 2672 649 2735 in
672 2670 779 2756 Apoll.
802 2670 845 2737 45
863 2692 909 2755 sq.
956 2670 1166 2756 Quamquam
1189 2693 1269 2736 vero
1293 2669 1482 2755 Apollinem

154 2789 157 2791 ’
200 2781 234 2842 01
258 2777 395 2843 deorum
419 2776 583 2843 medicum
605 2778 693 2863 apud
709 2777 891 2843 Homerum
908 2781 1010 2864 atque
1027 2777 1117 2862 apud
1133 2777 1316 2843 Hesiodum
1333 2775 1481 2842 diversos

199 2905 273 2949 esse
298 2885 395 2950 nobis
419 2885 543 2970 pariter
567 2888 668 2969 atque
691 2885 883 2950 Aristarcho
909 2889 1035 2950 certum
1060 2889 1121 2967 est,
1158 2888 1273 2949 tamen
1296 2884 1401 2949 fuisse
1426 2884 1482 2970 qui

90 3066 93 3071 ,
199 2990 288 3076 apud
318 2990 500 3057 Homerum
535 3013 666 3078 quoque
702 2992 890 3077 Apollinem
929 3013 1003 3056 esse
1044 2990 1207 3056 medicum
1244 2991 1482 3056 contenderent

199 3099 349 3184 sequitur
372 3121 415 3163 ex
437 3098 549 3164 verbis
572 3099 745 3184 Porphyrii
776 3098 819 3163 ad
847 3126 856 3163 ι
888 3100 952 3164 525
977 3121 1024 3184 sq.
1056 3098 1108 3183 (cf.
1133 3098 1313 3180 Schrader,
1344 3097 1428 3178 PoQ
1451 3119 1481 3182 p.

199 3204 251 3287 95,
272 3205 310 3287 23
342 3205 381 3270 cf.
409 3227 439 3290 p.
466 3206 536 3273 178.
562 3206 626 3271 179
658 3226 689 3270 n.
713 3206 742 3270 2.
769 3205 859 3292 180);
890 3208 1087 3290 Ἀντισθένης
1108 3209 1168 3289 μέν
1192 3231 1269 3290 φησι
1300 3204 1482 3270 Homerum

199 3311 322 3377 dixisse
348 3334 390 3377 ne
413 3311 607 3398 Neptunum
630 3311 763 3398 quidem
784 3312 1027 3399 Polyphemum
1051 3317 1249 3378 sanaturum
1274 3333 1347 3377 esse
1372 3312 1422 3376 διὰ
1445 3313 1481 3376 τὸ

199 3421 320 3493 εἰδέναι,
352 3421 397 3483 ὅτι
426 3422 485 3483 οὐκ
517 3421 556 3503 ἦν
587 3421 694 3503 ἰατρὸς
724 3420 944 3494 ὁΠοσειόῶν,
980 3422 1046 3484 ἀλλ’
1078 3423 1096 3483 ὁ
1120 3420 1321 3504 meliorat)
1378 3419 1482 3500 Igitur

198 3526 409 3590 notissimam
433 3524 522 3611 apud
539 3523 684 3591 Graecos
709 3526 897 3611 opinionem
914 3526 967 3590 hic
984 3526 1098 3591 Crates
1123 3533 1259 3591 secutus
1284 3528 1336 3591 est
1359 3527 1392 3591 in
1414 3545 1482 3610 qua

197 3629 341 3697 Homero
372 3633 581 3698 obtrudenda
612 3632 856 3719 quodammodo
890 3634 920 3697 ei
943 3632 1164 3698 Antisthenes
1193 3632 1334 3718 Cynicae
1368 3639 1480 3696 sectae

200 3739 351 3804 conditor
373 3741 441 3804 iam
464 3739 660 3825 proluserat.
699 3740 850 3825 Denique
867 3740 993 3806 Crateti
1015 3740 1099 3805 haec
1115 3739 1266 3804 doctrina
1282 3738 1481 3804 confirmata

199 3849 252 3909 est
275 3846 426 3911 versibus
451 3847 567 3932 quales
593 3850 672 3911 sunt
695 3847 735 3909 H
753 3847 819 3911 528
835 3868 882 3932 sq.
907 3846 972 3913 069
990 3869 1058 3932 sqq.
1084 3847 1115 3909 Ω
1142 3846 1181 3911 18
1199 3867 1268 3930 sqq.

306 4059 325 4128 ¹]
346 4057 539 4113 Confidentior
556 4059 642 4129 igitur
660 4059 715 4113 hac
733 4059 763 4112 in
782 4077 811 4114 re
830 4063 892 4114 erat
910 4060 1048 4115 Maassius
1066 4059 1094 4114 in
1114 4059 1225 4113 Arateis
1244 4076 1270 4128 p.
1284 4057 1336 4111 245
1347 4074 1387 4129 sq.

306 4147 325 4217 2)
344 4147 404 4201 Hoc
428 4149 563 4217 templum
588 4165 664 4202 anno
689 4147 740 4202 431
767 4166 792 4202 a.
812 4148 877 4204 Chr.
896 4166 922 4203 n.
948 4167 985 4203 an
1009 4150 1063 4203 420
1086 4167 1123 4203 an
1146 4148 1200 4202 428
1224 4147 1406 4201 aedificatum
1434 4147 1479 4210 sit,

198 4234 271 4289 inter
290 4235 364 4290 viros
383 4236 484 4290 doctos
504 4253 561 4292 non
581 4240 695 4291 constat
714 4237 757 4306 (cf.
777 4238 934 4302 Wissowa„
957 4239 1086 4307 Religion
1105 4256 1132 4292 u.
1151 4237 1255 4291 Kultus
1273 4253 1299 4306 p.
1312 4234 1378 4301 240;
1402 4234 1481 4288 Wer·

199 4323 296 4390 riche,
316 4324 332 4379 l.
347 4341 368 4378 s,
382 4341 403 4378 s
422 4341 444 4380 c.
457 4325 527 4392 8,,9;
547 4327 691 4390 Roschcr.‚
711 4327 764 4380 lex.
778 4327 867 4398 myth.
880 4327 892 4380 1
911 4343 934 4381 c.
947 4326 1009 4381 447.
1022 4327 1084 4390 433,
1092 4327 1125 4380 31
1134 4327 1212 4397 sqq).

306 4415 324 4482 ³)
345 4413 450 4467 Contra
474 4414 547 4467 hanc
572 4415 743 4469 sententiam
775 4415 935 4470 felicissime
963 4416 1020 4470 iam
1046 4416 1183 4487 pugnavit
1209 4414 1375 4468 Aristoteles
1404 4413 1481 4482 apud

199 4501 341 4574 Porphyr.‚
362 4503 432 4570 Pco
452 4521 478 4574 p.
491 4503 576 4570 95‚3;
597 4503 634 4558 ci.
653 4506 741 4558 etiam
759 4505 895 4569 Hoerner,
915 4505 1021 4569 SBMA,
1042 4505 1119 4568 1884,
1138 4522 1164 4574 p.
1178 4503 1239 4558 203.
