3368 5032
762 300 985 368 -74-

234 477 436 564 scripserunt
459 499 527 543 non
548 480 757 563 μελὸομένου,
783 478 842 545 sed
862 481 1058 563 μελδόμενος
1082 500 1155 545 esse
1173 500 1348 565 perperam
1365 480 1428 546 sibi
1444 502 1520 567 per-

234 588 421 651 suaserant.
466 586 629 650 Attamen
659 587 693 651 in
727 586 954 671 manuscripto
975 586 1073 651 hanc
1103 585 1246 652 formam
1280 608 1316 652 se
1346 587 1518 653 invenisse

234 691 349 757 Crates
380 713 442 758 nec
473 692 552 757 dicit
582 712 690 778 neque
723 697 762 757 ut
790 693 966 777 opinamur
994 694 1104 778 potuit
1129 693 1246 775 dicere,
1280 715 1357 758 cum
1388 693 1519 759 nullum

233 797 337 864 talem
362 799 507 864 codicem
531 799 672 864 haberet
688 799 730 865 oh
748 798 874 882 oculos;
898 799 1032 865 sienim
1056 799 1207 884 haberet,
1231 799 1299 866 alia
1321 800 1451 866 ratione
1477 800 1520 867 ad

233 905 321 971 hanc
345 906 570 971 coniecturam
594 904 829 971 stabiliendam
855 908 972 971 auctor
994 906 1099 971 verba
1115 905 1289 989 elegisset:
1312 927 1404 973 mera
1419 908 1520 989 igitur

233 1012 317 1077 haec
338 1017 391 1087 est
406 1012 550 1077 Cratetis
567 1012 758 1078 coniectura
773 1013 897 1098 pariter
913 1017 1014 1099 atque
1030 1012 1268 1098 Aristophanis
1285 1017 1319 1079 et
1335 1014 1518 1079 Aristarchi

233 1118 412 1184 haedere
436 1120 633 1185 sententiae.
672 1119 906 1204 Transscripta
929 1123 1044 1185 autem
1069 1123 1150 1185 sunt
1174 1120 1322 1186 carmina
1344 1119 1519 1189 Homerica

234 1225 417 1291 secundum
440 1225 608 1291 Oratetem
631 1230 675 1298 εἰς
697 1229 753 1310 τὴν
776 1234 833 1291 νῦν
857 1230 1087 1311 γραμματικήν,
1112 1226 1131 1291 i.
1149 1249 1175 1294 e.
1196 1227 1230 1291 in
1255 1226 1402 1292 lonicam
1425 1226 1515 1292 illam

232 1331 457 1398 litteraturam
489 1354 575 1418 quae
604 1355 645 1399 ex
670 1354 728 1398 ora
752 1334 854 1398 Asiae
878 1333 1045 1398 maritima
1069 1335 1230 1399 orientem
1254 1355 1372 1400 versus
1397 1328 1440 1400 ad
1463 1335 1516 1398 in-

233 1439 325 1504 sulas
350 1440 453 1504 maris
477 1441 612 1522 Aegaei,
638 1438 757 1505 deinde
781 1439 824 1505 ad
841 1438 986 1506 Graecos
1003 1440 1178 1507 Graeciam
1202 1441 1397 1526 incolentes,
1423 1440 1518 1505 deni-

233 1566 297 1632 que
321 1544 364 1611 ad
381 1544 526 1612 Graecos
551 1546 774 1612 occidentales
796 1547 920 1612 sensim
943 1546 1077 1613 videtur
1100 1549 1311 1632 comportata
1335 1569 1417 1613 esse.
1451 1547 1516 1613 Sed
1623 1536 1628 1546 ¹

233 1673 320 1738 quae
345 1653 417 1718 erat
440 1653 655 1738 antiquorum
671 1652 872 1720 Graecorum
896 1653 1062 1739 scriptura
1078 1674 1179 1739 quam
1197 1654 1311 1720 Crates
1328 1653 1516 1740 spectavit?

232 1761 288 1824 An
310 1760 521 1825 Atticorum?
559 1759 649 1840 Quos
675 1782 757 1826 sane
781 1764 932 1846 spectare
956 1761 1076 1846 potuit,
1102 1781 1178 1825 cum
1202 1760 1389 1826 Atticorum
1413 1761 1514 1846 scrip-

232 1869 329 1931 turae
363 1870 454 1931 esset
481 1865 705 1952 diphthongos
730 1867 830 1932 unica
853 1867 995 1933 scribere
1018 1866 1143 1933 littera:
1174 1869 1244 1940 ie.
1273 1867 1301 1932 O
1330 1889 1388 1954 pro
1413 1893 1462 1952 oo,
1487 1869 1521 1931 Ε

232 1994 290 2059 pro
314 1997 353 2058 ει;
375 1971 451 2038 vide
468 1973 619 2055 Larield„
637 1974 790 2040 Attische
806 1973 1011 2060 Elpigraphik
1033 1996 1063 2060 p.
1081 1973 1145 2041 397
1170 1996 1201 2040 n.
1218 1976 1251 2057 53
1275 1975 1515 2057 Meisterhans.‚

233 2079 286 2144 Gr.
311 2078 340 2145 d.
366 2083 425 2145 att.
449 2081 507 2145 lss
526 2083 539 2120 ⁸
561 2101 591 2166 p.
608 2080 660 2146 24.
696 2081 762 2146 Sed
785 2080 874 2146 idern
897 2081 939 2146 fit
961 2076 1036 2147 aliis
1061 2081 1163 2147 etiam
1187 2082 1222 2146 in
1246 2080 1408 2164 dialectis3
1433 2102 1516 2167 qua-

232 2189 366 2272 propter
382 2186 550 2252 Oratetem
574 2187 695 2274 quippe
719 2189 776 2273 qui
801 2189 841 2254 de
865 2188 1036 2254 veteribus
1053 2186 1200 2271 Graecis
1225 2209 1292 2254 non
1310 2187 1349 2252 de
1366 2188 1516 2274 antiquis

232 2292 550 2360 Atheniensibus
573 2294 701 2360 faceret
723 2295 837 2373 verba,
862 2296 1010 2360 Atticam
1033 2294 1259 2361 litteraturam
1282 2290 1337 2360 hic
1352 2297 1387 2361 in
1403 2297 1514 2360 animo

230 2399 390 2465 habuisse
416 2404 543 2466 certum
567 2404 719 2466 nonest.
758 2401 916 2468 Dolemus
940 2402 1049 2486 igitur,
1076 2403 1165 2487 quod
1187 2401 1269 2466 nihil
1285 2401 1447 2467 traditum
1464 2405 1516 2467 est

233 2506 311 2592 quid
342 2505 383 2573 de
410 2508 546 2572 Homeri
579 2508 689 2594 patria
719 2511 885 2574 statueret
917 2509 1033 2574 Grates
1065 2508 1117 2591 (ci.
1140 2507 1372 2575 Wachsmuth.
1396 2531 1425 2595 p.
1451 2509 1515 2595 39).

231 2611 349 2699 Itaque
383 2615 467 2679 haec
498 2616 651 2700 quaestio
683 2615 768 2681 solvi
799 2617 950 2701 nequit.¹)
998 2615 1063 2680 Sed
1094 2614 1192 2680 facile
1222 2618 1337 2701 potest
1366 2614 1515 2698 intellegi

233 2741 300 2806 qua
322 2721 451 2786 ratione
477 2722 592 2787 Crates
617 2743 655 2787 eo
678 2721 836 2787 inductus
862 2723 916 2806 sit,
947 2725 995 2818 ut·
1008 2721 1102 2787 illum
1125 2721 1514 2788 metacharacterismum

232 2827 409 2914 acciperet:
434 2828 560 2893 vixisse
585 2831 673 2894 enim
689 2828 870 2894 Homerum
895 2829 957 2894 sub
980 2829 1061 2915 ipsis
1078 2829 1185 2894 Troici
1209 2827 1287 2894 belli
1309 2828 1515 2914 temporibus

233 2935 352 3000 Crates
372 2937 507 3021 putavit
530 2934 582 3020 (cf.
599 2934 832 3002 Wachsmuth.
849 2958 879 3022 p.
897 2937 939 3002 39
952 2936 1026 3022 sq.);
1051 2956 1167 3001 omnes
1193 2957 1271 3002 vero
1289 2934 1407 3001 Graeci
1430 2937 1514 3001 scie·

232 3042 316 3107 bant
347 3041 514 3109 elementa
546 3065 632 3129 quae
664 3043 742 3108 olim
773 3043 817 3108 ad
845 3043 1056 3109 scribendum
1079 3041 1288 3109 adhibebant
1309 3042 1513 3108 Phoenicum

233 3170 274 3214 ex
296 3148 416 3214 litteris
440 3172 461 3215 a
476 3151 608 3235 proavis
634 3172 707 3216 esse
732 3152 881 3236 sumpta3
906 3171 992 3236 quae
1015 3150 1198 3236 posteriore
1215 3152 1329 3215 aetate
1346 3171 1367 3214 a
1382 3149 1513 3215 littera-

231 3258 309 3321 tura
339 3277 440 3341 quam
468 3256 641 3323 habebant
664 3258 734 3323 suis
758 3257 963 3344 temporibus
986 3256 1167 3322 immutata
1189 3256 1246 3321 vel
1268 3255 1410 3342 expulsa
1433 3258 1514 3321 sunt

233 3363 282 3447 (ci.
305 3362 457 3446 Larfeld„
481 3362 671 3429 Handbuch
703 3365 760 3430 der
783 3363 987 3450 Epigraphik
1017 3385 1046 3448 p.
1070 3363 1157 3449 494).
1205 3363 1319 3429 Crates
1342 3363 1452 3446 igitur,
1485 3363 1514 3428 si

342 3577 358 3646 ¹)
378 3577 440 3632 Hac
459 3578 494 3632 de
512 3594 542 3632 re
560 3581 657 3648 posset
673 3581 784 3632 ‘certum
803 3577 910 3648 aliquid
929 3577 992 3641 dici,
1012 3576 1036 3631 si
1055 3593 1188 3647 quacum
1201 3575 1293 3645 specie
1307 3574 1513 3646 probabilitatis

232 3665 321 3719 statui
334 3669 430 3735 posset
444 3667 586 3721 Cratetem
598 3684 629 3721 re
641 3683 709 3721 vera
721 3666 865 3736 accepisse
876 3666 954 3721 illam
967 3666 1139 3720 sententiam
1152 3681 1209 3735 qua
1222 3665 1402 3718 Pisistratum
1415 3663 1513 3717 ducem

232 3753 448 3809 Atheniensium
467 3756 580 3810 Homeri
606 3756 731 3810 carmina
753 3756 871 3810 confusa
896 3758 982 3809 antea
1001 3771 1035 3809 ac
1055 3754 1193 3824 dissipata
1211 3755 1241 3808 in
1259 3769 1346 3806 unum
1365 3753 1513 3822 collegisse

232 3859 266 3897 ac
285 3843 457 3913 disposuisse
476 3845 518 3899 ita
536 3851 567 3898 ut
586 3861 660 3899 nunc
681 3845 818 3898 habemns
838 3843 986 3898 contendit
1004 3844 1048 3898 Ill.
1067 3844 1124 3898 iam
1143 3860 1169 3897 a.
1183 3843 1246 3896 Chr.
1260 3858 1286 3894 n.
1300 3842 1414 3895 saeculo
1429 3841 1512 3895 Dieu-

233 3931 329 3986 chidas
347 3933 519 4002 hlegarensis
538 3933 584 4003 (cf.
599 3934 633 3987 de
645 3933 852 3999 Wilamowitz„
873 3934 947 3987 hom.
960 3933 1072 3986 Untcrs.
1091 3949 1117 4001 p.
1130 3929 1255 4000 240sq.).
1287 3930 1428 3984 Cratetem
1445 3946 1512 3984 vero

232 4020 286 4075 hac
303 4021 389 4076 luisse
408 4023 538 4092 opinione
557 4023 623 4077 inde
641 4023 701 4076 veri
719 4022 831 4076 videtur
849 4023 947 4085 simile,
968 4021 1043 4092 quod
1059 4021 1173 4074 omnino
1187 4019 1281 4073 mendi
1294 4019 1370 4090 quod
1384 4019 1512 4073 omnibus

232 4110 260 4164 in
280 4127 345 4165 mss.
365 4112 446 4165 adest
459 4112 677 4181 explicationem
690 4127 725 4165 ex
737 4111 998 4165 transscribentium
1011 4109 1124 4164 inscitia
1136 4107 1256 4178 sumpsit
1268 4108 1400 4179 quodque
1412 4124 1512 4162 secun·

234 4199 300 4253 dum
318 4199 387 4254 illud
405 4199 419 4252 ὁ
432 4200 608 4271 μεταγράφων
626 4201 700 4270 apud
713 4200 918 4269 Hermogenem
937 4199 1024 4253 semel
1043 4214 1099 4251 uno
1113 4197 1175 4251 loco
1188 4199 1224 4251 ab
1237 4214 1293 4251 uno
1308 4200 1385 4251 certo
1398 4197 1513 4251 homine

232 4288 309 4342 hunc
321 4289 642 4359 metagrammatismum
655 4306 716 4343 esse
729 4287 886 4359 perfectum
896 4288 1013 4342 censuit.
1041 4286 1158 4341 Accedit
1168 4287 1231 4351 huc,
1246 4286 1322 4356 quod
1331 4286 1513 4355 Asclepiades

232 4377 391 4446 Myrleanus
402 4379 596 4432 Crateteorum
606 4382 703 4432 sectae
714 4383 789 4432 certe
801 4376 973 4431 addicendus
991 4375 1037 4445 (cf.
1047 4374 1245 4429 Wachsmuth.
1258 4391 1286 4444 p.
1298 4375 1328 4441 63
1351 4375 1382 4429 B.
1396 4374 1511 4440 Miller,

233 4467 249 4519 l.
261 4484 284 4522 S.
294 4483 315 4521 s.
328 4483 355 4536 p.
365 4466 409 4537 22>
424 4468 542 4522 eandem
556 4467 590 4522 de
604 4466 986 4522 PisistrateaHomerlcorum
999 4465 1153 4519 carminum
1166 4464 1328 4519 recensione
1341 4463 1513 4519 sententiam

232 4555 356 4625 prodidit
374 4556 420 4625 (cf.
438 4557 470 4612 B.
489 4558 621 4622 Mueller„
639 4557 677 4613 ib.
695 4566 722 4627 p.
735 4549 793 4624 43).Ὶ
1168 4559 1170 4563 ’
