3368 5032
725 289 951 352 .-18-

96 492 102 503 ·
198 466 262 532 loci
292 465 494 531 Herodianei
522 465 652 530 ratione
685 467 874 532 accuratius
905 469 1095 551 perspecta:
1129 486 1207 530 narn
1240 465 1343 531 affert
1373 466 1480 532 Hero-

201 571 320 637 dianus
355 573 496 658 primum
525 570 755 638 Ptolemaeum
790 573 846 659 qui
880 575 923 638 δι’
961 575 1111 644 ἀσπιδέος
1144 572 1237 656 legit;
1274 571 1392 638 deinde
1425 594 1480 638 se-

201 683 349 764 quuntur
371 678 489 744 Alexio
521 682 556 744 et
579 679 793 745 Aristarchus
823 700 894 744 rem
925 677 1105 744 diiudicare
1136 699 1205 744 non
1228 679 1319 762 ausi;
1352 682 1423 744 tum
1447 680 1481 744 in

203 807 340 867 censum
362 788 527 851 vocantur
544 785 659 857 Crates
683 784 873 852 Zenodotus
896 786 1048 851 Amerias
1073 787 1124 850 διὰ
1147 788 1275 858 σπιδέος
1298 786 1481 851 scribentes

201 893 321 978 quibus
345 913 505 958 assensus
540 895 592 958 est
622 892 686 957 sub
720 892 789 957 fine
823 893 895 978 ipse
919 892 1138 958 Herodianus.
1196 890 1247 957 Ex
1282 892 1481 958 adversariis

200 999 301 1083 igitur
330 1021 389 1085 per
420 1003 538 1065 cautos
570 1002 781 1065 cunctaturos
813 998 856 1065 ad
889 1021 946 1065 eos
978 998 1130 1065 ascendit
1157 998 1367 1065 Herodianus
1398 1020 1482 1085 quos

201 1127 283 1171 suae
306 1106 411 1191 ipsius
428 1106 618 1172 sententiae
634 1108 741 1172 testes
756 1108 868 1192 potuit
883 1107 1008 1172 afferre.
1033 1105 1140 1185 Quam
1156 1105 1247 1171 viam
1263 1126 1302 1171 ac
1317 1106 1482 1172 rationem

193 1211 430 1278 ¹Herodianeae
455 1211 696 1299 disquisitionis
729 1213 802 1299 quis
831 1215 884 1278 est
906 1213 964 1299 qui
986 1214 1077 1278 ausit
1100 1212 1286 1278 disturbare
1312 1234 1360 1294 eo,
1394 1211 1482 1298 quod

196 1320 369 1386 Gratetem
393 1319 564 1406 scripsisse
598 1322 641 1384 δι’
668 1322 817 1392 ἀσπιδέος
840 1319 1016 1385 affirmat?
1070 1319 1287 1386 Scribendum
1317 1318 1418 1402 igitur
1448 1321 1482 1384 in

195 1427 325 1501 ,scholio
348 1428 377 1490 A
402 1430 454 1505 est
477 1427 534 1510 τὴν
558 1429 629 1511 δίχα
651 1434 707 1492 τοῦ
731 1452 751 1491 α
776 1430 904 1512 γραφήν
928 1447 1003 1492 cum
1026 1425 1291 1492 Wachsmuthio.

290 1533 520 1599 Adnectamus
544 1554 622 1615 vero
657 1532 697 1598 de
721 1533 890 1599 Zenodoto
918 1533 1114 1620 quistatim
1138 1535 1215 1618 post
1238 1532 1407 1598 Gratetem
1430 1533 1483 1598 hic

195 1641 245 1715 ab
265 1640 454 1706 Herodiano
480 1641 673 1705 nominatur
688 1639 1019 1706 nosWaohsmuthio
1043 1661 1112 1704 non
1135 1639 1290 1705 assentiri
1314 1639 1370 1726 qui
1393 1660 1423 1724 p.
1439 1639 1482 1704 28

201 1745 331 1812 dixerat
354 1767 428 1812 esse
453 1745 766 1834 hunoMallotam.1)
799 1745 922 1812 Contra
938 1745 1144 1814 Zenodotum
1167 1746 1257 1811 huno
1281 1767 1354 1811 esse
1370 1744 1482 1831 Ephe-

201 1853 287 1919 sium
311 1855 470 1938 putamus
494 1852 547 1939 (cf.
568 1854 754 1936 Duentzer.,
779 1852 799 1918 l.
816 1875 840 1918 s.
858 1874 882 1917 s.
907 1874 936 1938 p.
953 1853 1004 1918 30.
1018 1853 1078 1936 54;
1101 1852 1229 1938 Pusch.‚
1254 1851 1272 1917 l.
1286 1874 1311 1920 s.
1324 1874 1349 1917 s,
1365 1874 1395 1938 p.
1411 1852 1482 1918 152.

194 1961 266 2025 <195
291 1964 362 2046 sq.):
396 1962 531 2026 constat
563 1960 651 2024 enim
683 1960 911 2026 Herodianum
942 1961 1107 2045 quantum
1138 1959 1261 2025 seimus
1292 1980 1334 2025 ex
1364 1957 1481 2042 indice,

197 2089 226 2147 s.
243 2088 273 2132 n.
299 2066 420 2149 (Lenta.
437 2067 475 2151 ll,
494 2067 515 2131 2
540 2089 564 2134 c.
583 2068 669 2133 1215
680 2067 711 2150 b)
735 2087 919 2153 numquam
934 2066 1140 2132 mentionem
1155 2067 1307 2132 iniecisse
1324 2064 1483 2131 Zenodoti

202 2160 360 2240 Mallotae
377 2175 472 2240 cuius
488 2175 648 2266 memoria
663 2176 745 2239 tuno
760 2194 867 2259 paene
884 2176 957 2240 erat
973 2173 1104 2258 obruta,
1122 2172 1182 2239 sed
1198 2194 1328 2259 semper
1340 2173 1482 2258 Ephesii.

201 2280 428 2346 Herodianum
444 2301 523 2346 vero
547 2283 723 2366 propterea
742 2279 903 2346 Zenodoti
921 2279 1057 2366 Ephesii
1080 2280 1285 2346 sententiam
1304 2279 1482 2365 protulisse

203 2389 385 2474 opinamur,
411 2390 458 2469 ut,
484 2386 573 2474 quod
597 2409 618 2452 a
641 2391 743 2453 cauta
757 2386 942 2452 Aristarchi
964 2387 1094 2457 ratione
1118 2387 1226 2453 abiret
1249 2389 1375 2453 etcum
1390 2387 1482 2452 Aris·

201 2494 308 2560 tarchi
331 2494 522 2560 adversario
547 2495 679 2560 Gratete
702 2493 838 2578 iaceret,
867 2496 991 2559 testem
1019 2495 1208 2560 sententiae
1240 2515 1321 2560 suae
1344 2494 1483 2576 haberet

196 2576 336 2667 Cratete
358 2600 536 2666 meliorem.
590 2601 694 2683 Igitur
726 2603 761 2666 et
790 2598 844 2666 hic
867 2600 1057 2666 Zenodotus
1080 2603 1120 2666 ut
1143 2599 1232 2686 apud
1253 2601 1483 2668 'Herodianum

201 2708 275 2774 fieri
298 2707 424 2774 assolet
448 2710 564 2774 contra
586 2708 818 2774 Aristarchum
841 2707 884 2773 ab
909 2729 947 2773 eo
972 2706 1096 2773 allatus
1120 2709 1207 2790 estfl)

310 2813 522 2881 Herodianus
551 2835 629 2880 vero
661 2814 704 2880 ad
728 2815 931 2880 sententiam
955 2835 1052 2879 suam
1077 2812 1233 2880 admotus
1257 2817 1310 2879 est
1331 2815 1484 2883 veterum

204 2921 333 2987 dicendi
357 2921 613 3004 consuetudin03
638 2942 704 3007 qua
729 2942 771 2986 ex
793 2942 828 2986 re
852 2922 1003 3008 sequitur
1020 2942 1077 2986 eos
1095 2941 1179 3008 quos
1194 2923 1349 2986 auctores
1365 2920 1484 2987 habuit

203 3027 414 3094 Herodianus
438 3027 594 3094 attulisse
618 3032 771 3094 veterum
796 3028 961 3114 exempla3
985 3028 1021 3093 hi
1040 3029 1141 3112 igitur
1157 3030 1311 3093 auctores
1328 3026 1484 3093 cumillis

204 3136 244 3201 de
268 3136 389 3221 quibus
404 3134 619 3200 Aristarchus
642 3135 741 3200 tertio
765 3133 837 3200 loco
861 3135 929 3201 iam
944 3136 1144 3201 meminerat
1160 3134 1380 3218 coniungendi
1396 3137 1485 3201 sunt.

204 3242 355 3326 Accedit
378 3240 467 3328 quod
490 3243 582 3307 vocis
606 3244 733 3313 σπιδέος
757 3241 933 3326 explicatio
958 3263 1059 3328 quam
1082 3240 1208 3327 profert
1230 3241 1381 3307 Amerias
1410 3262 1484 3307 oum

198 3348 261 3414 illa
285 3348 374 3435 apud
389 3348 621 3414 Aristarchum
645 3348 746 3414 obvia
769 3347 868 3414 valde
885 3349 1061 3415 consentit.
1101 3348 1183 3413 Cum
1198 3370 1278 3415 vero
1295 3347 1484 3414 Zenodotus

203 3455 257 3521 hio
280 3455 447 3521 curandus
472 3476 541 3520 non
564 3457 618 3536 sit,
643 3458 777 3541 propter
794 3455 1031 3541 explicationes
1048 3455 1167 3543 oppido
1184 3454 1309 3520 similes
1324 3460 1483 3541 putamus

203 3563 435 3629 Aristarchum
460 3562 627 3628 Ameriam
650 3560 714 3644 vel,
741 3561 829 3649 quod
853 3562 986 3647 quando
1009 3564 1131 3630 vixerit
1158 3562 1416 3647 glossographus
1431 3558 1485 3627 hic

205 3673 360 3735 accurate
383 3672 502 3735 notum
525 3690 593 3735 non
617 3671 669 3734 est
692 3669 743 3756 (cl.
767 3669 801 3734 L.
820 3669 930 3752 Gohn,
954 3669 1092 3754 PWRu,
1118 3693 1142 3736 s.
1159 3692 1190 3736 v.
1210 3670 1225 3734 Ι
1242 3691 1266 3735 c.
1286 3669 1381 3752 1827,
1396 3668 1484 3754 393³)

205 3776 303 3841 aliter
326 3781 439 3842 autem
464 3775 625 3841 iudicavit
648 3774 833 3860 Susemihl.,
858 3774 877 3840 l.
902 3798 927 3841 s.
951 3798 975 3841 s,
1000 3776 1029 3840 ll
1052 3797 1082 3861 p.
1101 3777 1188 3862 190),
1216 3776 1305 3841 illius
1330 3778 1484 3842 auctores

198 4050 201 4055 .
313 4009 331 4078 q
350 4007 558 4062 Wachsmuthii
576 4007 697 4077 vestigia
721 4007 823 4078 pressit
849 4006 991 4073 Balsamo,
1016 4007 1034 4061 1.
1060 4024 1082 4063 s.
1108 4023 1144 4072 s.;
1174 4007 1224 4061 sed
1242 4010 1409 4076 argumenta
1427 4022 1484 4059 non

206 4096 330 4166 protulit.

311 4186 331 4255 q
350 4185 532 4240 Aristarchus
554 4185 638 4254 igitur
663 4185 749 4239 etiam
775 4185 821 4240 bic
839 4189 939 4239 contra
958 4184 1134 4239 Zenodotum
1152 4184 1279 4239 adhibuit
1299 4181 1393 4249 διπλῆν
1410 4203 1485 4254 περι-

205 4276 354 4343 εστιγμένην
372 4275 450 4328 cuius
463 4290 516 4328 nec
529 4274 640 4343 signum
651 4274 681 4329 in
693 4277 723 4325 A
732 4291 824 4346 neque
837 4274 987 4344 explicatio
1000 4273 1178 4328 Aristonicea
1191 4274 1220 4326 in
1232 4272 1347 4329 scholiis
1360 4276 1484 4328 aetatem

205 4365 339 4419 tulerunt.

312 4452 331 4515 ἣ
351 4453 442 4508 Oohni
452 4456 620 4524 argumenta
630 4453 729 4523 quibus
739 4453 872 4508 admotus
883 4456 935 4520 est,
948 4456 981 4507 ut
991 4452 1133 4507 Ameriam
1143 4452 1265 4522 antiquis
1274 4451 1485 4522 glossographis

205 4543 348 4608 insereret,
367 4543 448 4613 parvi
467 4545 535 4597 sunt
552 4543 642 4614 pretii.
