3368 5032
798 261 1014 326 ...34-

268 438 392 525 habere
423 442 545 525 putent
572 438 740 524 psilosin1)
765 442 800 504 et
822 437 912 525 quod
935 439 1079 526 Smyrna
1102 442 1221 524 postea
1244 440 1320 505 inde
1345 463 1366 505 a
1389 441 1457 507 Vll.
1479 440 1549 505 fere

161 574 170 590 ·
269 545 402 611 saeculo
418 545 485 612 fuit
499 546 617 610 Ionum
633 544 764 611 colonia
781 545 830 628 (cf.
848 545 983 628 Oehler.,
1002 545 1130 629 PWRn
1148 568 1172 610 s.
1188 568 1218 612 v.
1237 550 1365 612 ἀποικία
1381 547 1395 611 Ι
1411 569 1436 612 c.
1453 548 1550 615 2823.

268 652 355 718 2833
366 651 432 740 sq.),
450 652 707 718 Stesimbrotum
718 653 832 717 Ionem
845 673 921 718 eum
934 652 1110 718 credidisse
1123 655 1259 736 cogitari
1271 657 1391 738 potest.
1415 655 1550 720 Utcum-

269 781 332 845 que
356 780 434 824 vero
458 758 542 824 haec
565 780 617 824 res
642 779 678 824 se
702 758 814 841 habet,
839 758 1050 825 Stesimbroti
1067 759 1251 825 doctrinam
1269 760 1383 826 Grates
1399 763 1435 825 in
1450 783 1550 827 usum

269 887 366 930 suum
391 866 563 932 convertit.
602 865 719 951 Itaque
743 887 877 931 versum
898 865 1003 931 0189
1026 867 1267 952 interpretatus
1292 870 1344 932 est
1358 867 1422 933 hoc
1437 869 1548 933 modo:

268 972 436 1058 tripartita
459 974 539 1038 sunt
563 972 676 1037 omnia
699 994 785 1058 quae
811 972 920 1038 divisa
943 975 1030 1038 sunt.
1067 972 1140 1052 Qua
1162 974 1291 1039 ratione
1315 977 1416 1059 poeta
1431 996 1548 1059 parum

269 1080 368 1162 digna
386 1079 578 1144 differentia
599 1080 688 1143 inter
710 1100 828 1144 versus
857 1078 966 1145 0189
991 1082 1026 1144 et
1049 1079 1114 1144 193
1138 1079 1287 1145 solvitur.
1333 1082 1444 1166 Atque
1470 1103 1548 1147 con-

269 1186 374 1250 sentit
389 1185 472 1251 haec
488 1185 609 1251 solutio
627 1185 857 1251 cumGratetis
873 1186 1002 1251 ratione
1019 1187 1073 1272 qui
1090 1186 1180 1252 locos
1197 1207 1280 1273 quos
1293 1191 1407 1253 censet
1420 1209 1550 1273 corrup-

267 1295 321 1357 tos
345 1313 418 1358 esse
442 1294 618 1357 restituere
635 1295 775 1358 conatur
792 1291 860 1357 alia
883 1313 922 1357 ac
937 1292 1038 1374 vulgo
1054 1293 1096 1358 fit
1112 1286 1548 1380 vocabulorum'partitione

267 1398 310 1485 (v.
335 1399 378 1464 ad
400 1401 432 1463 A
448 1397 522 1464 754.
546 1400 579 1461 Σ
592 1398 666 1464 488.
691 1398 811 1485 δ260).

375 1505 440 1571 Sed
465 1505 616 1590 displicet
639 1505 745 1591 nobie,
770 1505 858 1590 quod
881 1507 916 1571 in
938 1506 1050 1571 verbis
1074 1506 1190 1571 scholii
1210 1509 1240 1570 A
1264 1510 1354 1572 πάντ’
1381 1512 1401 1571 ἂ
1425 1511 1547 1589 (οὕτως)

268 1616 413 1678 δέδασται
436 1611 635 1678 vocabulum
662 1615 764 1684 οὕτως
788 1612 970 1677 secundum
988 1611 1172 1678 Maassium
1187 1617 1362 1699 tamquam
1377 1615 1412 1678 in
1428 1635 1548 1699 paren-

267 1721 355 1785 thesi
386 1720 532 1804 positum
561 1741 634 1784 esse
658 1718 744 1784 credi
768 1718 875 1785 debet.
922 1719 1028 1799 Quem
1051 1740 1150 1784 usum
1175 1719 1303 1786 dicendi
1327 1741 1409 1785 sane
1432 1741 1547 1786 recon-

267 1827 417 1892 tissimae
442 1847 516 1891 esse
537 1825 661 1891 aetatis
678 1847 867 1909 censemus3
890 1825 984 1891 valet
1000 1827 1088 1890 enim
1105 1826 1238 1912 aliquid,
1264 1826 1352 1913 quod
1368 1826 1431 1892 hoc
1447 1830 1555 1903 οὕτως,

267 1932 502 1998 intercalatum
533 1953 594 1997 nos
626 1933 659 1996 in
691 1931 823 1997 scholiis
855 1932 936 1997 item
959 1953 1128 2018 nusquam
1151 1934 1375 2016 invenimus2)
1420 1932 1547 1999 Deinde

267 2040 331 2106 hoc
353 2043 465 2120 οὕτως,
491 2041 529 2104 ut
553 2060 613 2103 suo
638 2043 729 2103 esset
753 2039 833 2121 loco,
859 2043 936 2124 post
951 2042 1040 2104 πάντ’
1060 2039 1179 2105 melius
1198 2043 1269 2105 erat
1285 2039 1547 2105 adscribendum.

268 2146 353 2212 Tum
387 2167 455 2212 non
489 2167 667 2231 possumus
699 2146 890 2228 intellegere
922 2146 1087 2231 quomodo
1117 2145 1180 2211 hoc
1215 2150 1317 2218 οὕτως
1351 2147 1547 2233 interposito

267 2275 357 2319 nova
373 2252 537 2337 scriptura
551 2255 641 2317 πάντ’
660 2256 681 2316 ἄ
704 2253 739 2317 in
754 2256 855 2324 πάντα
871 2253 1047 2335 vulgatum
1063 2253 1212 2338 potuerit
1227 2254 1410 2339 depravari.
1442 2253 1548 2318 Aliter

269 2381 345 2442 ergo
368 2381 437 2425 rem
455 2360 660 2445 expedimus
686 2381 762 2424 cum
777 2359 1014 2443 intellegimus:
1037 2363 1127 2425 πάντ’
1147 2364 1286 2432 ἂοῦτως
1303 2363 1456 2435 δέδασται,
1480 2359 1546 2425 scil.

267 2468 380 2550 τριχθὰ
405 2469 562 2531 δέδασταιε
593 2466 765 2552 tripliciter
796 2470 876 2532 sunt
900 2456 1063 2532 dissoluta
1087 2488 1173 2552 quae
1197 2466 1261 2532 hac
1283 2467 1413 2533 rationo
1443 2470 1484 2532 ut
1513 2466 1547 2531 in

271 2573 418 2659 0190l2
442 2576 599 2637 narratur
622 2572 730 2637 divisa
754 2578 841 2639 sunt.

375 2679 467 2758 Quae
492 2700 567 2744 cum
591 2680 640 2744 ita
661 2680 737 2762 sint,
761 2680 866 2745 verba
893 2702 979 2766 quae
995 2681 1139 2746 Cratetis
1164 2681 1368 2746 sententiam
1384 2680 1548 2765 praebent

266 2788 313 2852 sio
337 2789 417 2851 sunt
439 2787 663 2851 restituenda:
687 2794 758 2859 πῶς
781 2789 817 2852 δέ
839 2812 935 2872 φησιν
960 2794 1012 2867 (sc.
1037 2790 1056 2852 ὁ
1079 2791 1219 2871 ποιητής)
1243 2795 1334 2870 „yolo
1359 2789 1387 2851 δ’
1404 2791 1445 2851 ἔτι
1469 2789 1545 2870 ξυνὴ

266 2895 319 2958 καὶ
341 2894 468 2976 μακρὸς
488 2894 675 2977 ''Olenum“
703 2890 799 2981 <,ε’πεὶ
821 2903 971 2978 προεῖπεν
987 2914 994 2928 ·
1010 2895 1143 2978 ,πριχδὰ
1168 2896 1202 2958 δὲ
1225 2897 1325 2959 πάντα
1349 2891 1547 2982 δέδασται“>;

266 3002 396 3084 Κράτης
419 3004 452 3064 ἒν
467 3002 501 3084 β’
522 3001 710 3085 Ὁμηρικῶν
732 3004 786 3067 καὶ
805 3003 1066 3086 Στησίμβροτος·
1083 3004 1192 3076 ,πάντ’
1212 3006 1231 3064 ἂ
1248 3004 1351 3072 οὕτως
1374 3003 1547 3066 δέδασταιίί.

267 3111 350 3172 εἴασε
374 3109 409 3171 δὲ
431 3108 466 3172 τὸ
489 3134 514 3181 τ,
539 3110 585 3179 ὡς
609 3111 642 3172 ἐν
657 3117 703 3192 τῷ
727 3111 880 3183 ,ἐπίστιόν
896 3112 975 3173 ἔστιν
991 3111 1143 3191 ἑκάστῳ“.
1179 3107 1271 3187 Quae
1288 3108 1393 3173 verba
1409 3130 1451 3173 ox
1465 3107 1546 3173 Por-

266 3213 382 3300 phyrio
408 3217 543 3280 servata
566 3216 600 3278 in
625 3214 752 3280 scholia
774 3215 942 3281 translata
958 3219 1037 3281 sunt
1054 3216 1110 3301 qui
1127 3214 1311 3280 secundum
1327 3215 1547 3281 Schraderum

267 3320 350 3385 haec
374 3342 415 3386 ex
439 3320 626 3386 Stoicorum
650 3343 746 3407 opere
771 3322 974 3388 collectaneo
998 3322 1062 3387 sihi
1086 3321 1280 3407 desumpsit.

375 3427 428 3491 Sic
452 3427 552 3509 igitur
576 3429 688 3492 omnia
711 3429 834 3514 optime
851 3429 1035 3514 procedunt
1051 3433 1153 3514 atque
1169 3428 1408 3494 elementorum
1426 3428 1546 3493 doctri-

267 3554 346 3598 nam
375 3533 521 3598 Stoicam
557 3532 600 3598 ad
633 3535 830 3621 explicanda
859 3534 963 3601 verba
986 3535 1129 3601 Cratetis
1160 3534 1317 3600 adhihere
1349 3533 1437 3619 quod
1469 3534 1547 3600 olim

267 3639 545 3705 Wachsmuthius
569 3640 705 3706 volebat
729 3663 836 3727 neque
854 3663 937 3727 opus
955 3645 1007 3707 est
1022 3663 1131 3727 noque
1147 3641 1233 3706 licet.
1265 3639 1432 3706 Maassius
1447 3641 1547 3725 igitur

267 3767 328 3812 suo
361 3768 396 3811 se
427 3748 497 3832 ipse
530 3749 596 3813 iam
620 3748 784 3830 iugulavit
807 3747 916 3832 gladio
941 3748 997 3833 qui
1021 3750 1196 3814 continuat
1224 3747 1243 3812 l.
1268 3769 1292 3811 s.
1317 3769 1354 3812 s:
1390 3749 1546 3832 „negavit

266 3854 367 3935 igitur
383 3853 498 3919 Grates
516 3855 627 3920 omnia
643 3854 810 3920 elementa
824 3857 911 3920 inter
926 3859 994 3920 tres
1007 3855 1143 3921 Saturni
1158 3853 1246 3919 filios
1264 3853 1442 3921 distributa
1458 3877 1545 3921 esse:

376 4067 395 4136 ¹)
415 4067 450 4122 cf.
470 4067 523 4122 loc.
542 4067 634 4138 Apoll.
653 4068 737 4137 Dysc.
756 4084 842 4138 supra
859 4084 885 4138 p.
898 4068 934 4122 33
953 4067 1005 4121 n.l
1026 4067 1086 4132 ull.;
1116 4069 1264 4137 praeterea
1281 4084 1339 4121 vox
1358 4071 1452 4122 exstat
1469 4068 1545 4137 apud

267 4156 454 4211 Herodotum:
474 4156 510 4210 cf.
520 4156 694 4222 Hoffmann.¹
708 4157 817 4212 Grieoh.
831 4156 903 4210 Dial.
916 4156 954 4210 III
967 4173 992 4227 p.
1006 4155 1067 4211 553.
1087 4155 1158 4210 Vide
1170 4156 1249 4211 Eust.
1263 4156 1300 4210 ad
1310 4156 1326 4218 ζ
1338 4156 1390 4209 265
1403 4156 1490 4225 nom,
1501 4156 1545 4224 33)

268 4261 283 4299 e
315 4245 402 4299 schol.
465 4246 546 4298 adv.

284 4248 297 4300 t
374 4334 393 4404 ⁹)
413 4246 503 4389 [31381
523 4335 596 4389 enim
615 4352 658 4389 res
678 4351 709 4389 se
727 4334 816 4389 habet
827 4334 896 4389 illud
908 4333 987 4390 ottus
1001 4351 1055 4406 quo
1069 4335 1097 4388 in
1111 4333 1215 4389 codicis
1227 4334 1331 4389 VenA
1344 4332 1459 4389 scholiis
1471 4350 1545 4404 quae

268 4421 345 4477 docti
364 4423 415 4477 viri
433 4422 583 4477 vernacule
602 4423 872 4479 Zwischonscholien
891 4423 1036 4494 adpellant
1047 4423 1202 4478 Aristarchi
1221 4424 1374 4494 scripturae
1385 4421 1546 4477 indicantur

269 4512 305 4581 (v.
324 4511 429 4576 Ludw.‚
449 4510 549 4566 AHTK
568 4512 580 4565 Ι
598 4529 625 4583 p.
641 4512 709 4581 140).
1175 4528 1177 4531 ·
