<?xml version="1.0" encoding="UTF-8"?>
<!DOCTYPE html PUBLIC "-//W3C//DTD XHTML 1.0 Transitional//EN"
    "http://www.w3.org/TR/xhtml1/DTD/xhtml1-transitional.dtd">
<html xmlns="http://www.w3.org/1999/xhtml" xml:lang="en" lang="en">
 <head>
  <title>
</title>
<meta http-equiv="Content-Type" content="text/html;charset=utf-8" />
  <meta name='ocr-system' content='tesseract 3.04.00' />
  <meta name='ocr-capabilities' content='ocr_page ocr_carea ocr_par ocr_line ocrx_word'/>
</head>
<body>
  <div class='ocr_page' id='page_1' title='image "./decratetismallo00helcgoog_0069.png"; bbox 0 0 3368 5032; ppageno 0'>
   <div class='ocr_carea' id='block_1_1' title="bbox 739 294 963 361">
    <p class='ocr_par' dir='ltr' id='par_1_1' title="bbox 739 294 963 361">
     <span class='ocr_line' id='line_1_1' title="bbox 739 294 963 361; baseline 0 -19"><span class='ocrx_word' id='word_1_1' title='bbox 739 294 963 361; x_wconf 65' lang='lat'>„64-</span> 
     </span>
    </p>
   </div>
   <div class='ocr_carea' id='block_1_2' title="bbox 180 471 1493 4621">
    <p class='ocr_par' dir='ltr' id='par_1_2' title="bbox 209 471 1493 862">
     <span class='ocr_line' id='line_1_2' title="bbox 210 471 1493 560; baseline 0.003 -23"><span class='ocrx_word' id='word_1_2' title='bbox 210 471 299 538; x_wconf 88' lang='lat' dir='ltr'>adv.</span> <span class='ocrx_word' id='word_1_3' title='bbox 315 471 491 559; x_wconf 81' lang='lat'>(1238,18)</span> <span class='ocrx_word' id='word_1_4' title='bbox 514 472 577 538; x_wconf 90' lang='lat' dir='ltr'>hoo</span> <span class='ocrx_word' id='word_1_5' title='bbox 592 475 776 558; x_wconf 84' lang='grc' dir='ltr'><strong><em>τυμβοχόης</em></strong></span> <span class='ocrx_word' id='word_1_6' title='bbox 799 474 993 559; x_wconf 81' lang='lat' dir='ltr'>praebuisse</span> <span class='ocrx_word' id='word_1_7' title='bbox 1008 495 1179 560; x_wconf 82' lang='lat' dir='ltr'>perperam</span> <span class='ocrx_word' id='word_1_8' title='bbox 1197 473 1388 559; x_wconf 80' lang='lat' dir='ltr'>adnotavit3</span> <span class='ocrx_word' id='word_1_9' title='bbox 1412 496 1493 541; x_wconf 90' lang='lat' dir='ltr'>nam</span> 
     </span>
     <span class='ocr_line' id='line_1_3' title="bbox 209 577 1492 667; baseline 0.003 -23"><span class='ocrx_word' id='word_1_10' title='bbox 209 600 251 644; x_wconf 87' lang='lat' dir='ltr'>ex</span> <span class='ocrx_word' id='word_1_11' title='bbox 273 579 384 646; x_wconf 86' lang='lat' dir='ltr'>verbis</span> <span class='ocrx_word' id='word_1_12' title='bbox 408 577 587 664; x_wconf 71' lang='lat' dir='ltr'>Eustachii,</span> <span class='ocrx_word' id='word_1_13' title='bbox 620 579 649 644; x_wconf 90' lang='lat' dir='ltr'>si</span> <span class='ocrx_word' id='word_1_14' title='bbox 673 580 751 666; x_wconf 93' lang='lat' dir='ltr'>quid</span> <span class='ocrx_word' id='word_1_15' title='bbox 776 579 910 646; x_wconf 92' lang='lat' dir='ltr'>omnino</span> <span class='ocrx_word' id='word_1_16' title='bbox 934 583 1047 667; x_wconf 83' lang='lat' dir='ltr'>potest</span> <span class='ocrx_word' id='word_1_17' title='bbox 1075 581 1239 664; x_wconf 85' lang='lat' dir='ltr'>cognosci,</span> <span class='ocrx_word' id='word_1_18' title='bbox 1272 582 1492 648; x_wconf 90' lang='lat' dir='ltr'>statuendum</span> 
     </span>
     <span class='ocr_line' id='line_1_4' title="bbox 210 685 1492 774; baseline 0.007 -23"><span class='ocrx_word' id='word_1_19' title='bbox 210 690 262 752; x_wconf 90' lang='lat' dir='ltr'>est</span> <span class='ocrx_word' id='word_1_20' title='bbox 284 685 375 752; x_wconf 92' lang='lat' dir='ltr'>hunc</span> <span class='ocrx_word' id='word_1_21' title='bbox 398 685 543 752; x_wconf 85' lang='lat' dir='ltr'>codicem</span> <span class='ocrx_word' id='word_1_22' title='bbox 566 707 634 752; x_wconf 92' lang='lat' dir='ltr'>non</span> <span class='ocrx_word' id='word_1_23' title='bbox 658 685 755 753; x_wconf 86' lang='lat' dir='ltr'>aliter</span> <span class='ocrx_word' id='word_1_24' title='bbox 777 707 817 752; x_wconf 88' lang='lat' dir='ltr'>ac</span> <span class='ocrx_word' id='word_1_25' title='bbox 831 685 976 773; x_wconf 88' lang='lat' dir='ltr'>reliquos</span> <span class='ocrx_word' id='word_1_26' title='bbox 993 686 1121 754; x_wconf 88' lang='lat' dir='ltr'>codices</span> <span class='ocrx_word' id='word_1_27' title='bbox 1137 687 1293 772; x_wconf 82' lang='lat' dir='ltr'>vulgatos</span> <span class='ocrx_word' id='word_1_28' title='bbox 1308 692 1492 774; x_wconf 81' lang='grc' dir='ltr'><em>τομβοχοῆς</em></span> 
     </span>
     <span class='ocr_line' id='line_1_5' title="bbox 209 792 409 862; baseline 0.015 -3"><span class='ocrx_word' id='word_1_29' title='bbox 209 792 409 862; x_wconf 86' lang='lat' dir='ltr'>exhibuisse.</span> 
     </span>
    </p>

    <p class='ocr_par' dir='ltr' id='par_1_3' title="bbox 199 899 1491 2589">
     <span class='ocr_line' id='line_1_6' title="bbox 315 899 1491 986; baseline 0.003 -21"><span class='ocrx_word' id='word_1_30' title='bbox 315 899 407 980; x_wconf 78' lang='lat' dir='ltr'>Quae</span> <span class='ocrx_word' id='word_1_31' title='bbox 444 921 523 966; x_wconf 86' lang='lat' dir='ltr'>vero</span> <span class='ocrx_word' id='word_1_32' title='bbox 563 899 603 966; x_wconf 93' lang='lat' dir='ltr'>de</span> <span class='ocrx_word' id='word_1_33' title='bbox 641 900 706 966; x_wconf 89' lang='lat' dir='ltr'>hac</span> <span class='ocrx_word' id='word_1_34' title='bbox 747 900 806 967; x_wconf 86' lang='lat' dir='ltr'>lite</span> <span class='ocrx_word' id='word_1_35' title='bbox 845 921 947 986; x_wconf 90' lang='lat' dir='ltr'>quarn</span> <span class='ocrx_word' id='word_1_36' title='bbox 990 901 1198 984; x_wconf 85' lang='lat' dir='ltr'>grammatici</span> <span class='ocrx_word' id='word_1_37' title='bbox 1236 901 1276 968; x_wconf 92' lang='lat' dir='ltr'>de</span> <span class='ocrx_word' id='word_1_38' title='bbox 1315 902 1491 968; x_wconf 87' lang='lat' dir='ltr'>elementis</span> 
     </span>
     <span class='ocr_line' id='line_1_7' title="bbox 210 1006 1491 1092; baseline 0.004 -22"><span class='ocrx_word' id='word_1_39' title='bbox 210 1007 502 1072; x_wconf 73' lang='lat' dir='ltr'><em>TYMBOXOHZ</em></span> <span class='ocrx_word' id='word_1_40' title='bbox 530 1006 733 1092; x_wconf 79' lang='lat' dir='ltr'>explicandis</span> <span class='ocrx_word' id='word_1_41' title='bbox 763 1006 937 1074; x_wconf 90' lang='lat' dir='ltr'>habebant</span> <span class='ocrx_word' id='word_1_42' title='bbox 968 1008 1101 1074; x_wconf 91' lang='lat' dir='ltr'>omnino</span> <span class='ocrx_word' id='word_1_43' title='bbox 1134 1009 1256 1074; x_wconf 91' lang='lat' dir='ltr'>scimus</span> <span class='ocrx_word' id='word_1_44' title='bbox 1287 1007 1418 1074; x_wconf 88' lang='lat' dir='ltr'>duobus</span> <span class='ocrx_word' id='word_1_45' title='bbox 1449 1031 1491 1075; x_wconf 89' lang='lat' dir='ltr'>ex</span> 
     </span>
     <span class='ocr_line' id='line_1_8' title="bbox 207 1112 1489 1201; baseline 0.003 -23"><span class='ocrx_word' id='word_1_46' title='bbox 207 1112 358 1179; x_wconf 87' lang='lat' dir='ltr'>fontibus</span> <span class='ocrx_word' id='word_1_47' title='bbox 389 1117 644 1201; x_wconf 79' lang='lat' dir='ltr'>promanarunt:</span> <span class='ocrx_word' id='word_1_48' title='bbox 677 1115 746 1198; x_wconf 84' lang='lat' dir='ltr'>egit</span> <span class='ocrx_word' id='word_1_49' title='bbox 776 1114 866 1180; x_wconf 90' lang='lat' dir='ltr'>enim</span> <span class='ocrx_word' id='word_1_50' title='bbox 895 1113 960 1180; x_wconf 89' lang='lat' dir='ltr'>hac</span> <span class='ocrx_word' id='word_1_51' title='bbox 991 1114 1031 1180; x_wconf 94' lang='lat' dir='ltr'>de</span> <span class='ocrx_word' id='word_1_52' title='bbox 1055 1136 1089 1180; x_wconf 92' lang='lat' dir='ltr'>re</span> <span class='ocrx_word' id='word_1_53' title='bbox 1112 1114 1322 1181; x_wconf 88' lang='lat' dir='ltr'>Herodianus</span> <span class='ocrx_word' id='word_1_54' title='bbox 1349 1116 1385 1180; x_wconf 91' lang='lat' dir='ltr'>in</span> <span class='ocrx_word' id='word_1_55' title='bbox 1407 1114 1489 1182; x_wconf 91' lang='lat' dir='ltr'>libro</span> 
     </span>
     <span class='ocr_line' id='line_1_9' title="bbox 206 1221 1490 1309; baseline 0.002 -24"><span class='ocrx_word' id='word_1_56' title='bbox 206 1223 278 1304; x_wconf 79' lang='grc' dir='ltr'><em>περί</em></span> <span class='ocrx_word' id='word_1_57' title='bbox 304 1221 440 1305; x_wconf 81' lang='grc' dir='ltr'><em>Ἰλιακῆς</em></span> <span class='ocrx_word' id='word_1_58' title='bbox 469 1224 654 1306; x_wconf 71' lang='grc' dir='ltr'><strong><em>προσῳδίας</em></strong></span> <span class='ocrx_word' id='word_1_59' title='bbox 684 1222 715 1285; x_wconf 90' lang='grc' dir='ltr'><em>Φ</em></span> <span class='ocrx_word' id='word_1_60' title='bbox 744 1221 920 1304; x_wconf 74' lang='lat' dir='ltr'>(Lentall</span> <span class='ocrx_word' id='word_1_61' title='bbox 950 1243 980 1307; x_wconf 88' lang='lat' dir='ltr'>p.</span> <span class='ocrx_word' id='word_1_62' title='bbox 1008 1222 1079 1304; x_wconf 84' lang='lat'>118,</span> <span class='ocrx_word' id='word_1_63' title='bbox 1096 1224 1130 1305; x_wconf 85' lang='lat' dir='ltr'>l;</span> <span class='ocrx_word' id='word_1_64' title='bbox 1163 1221 1202 1289; x_wconf 83' lang='lat' dir='ltr'>cf.</span> <span class='ocrx_word' id='word_1_65' title='bbox 1226 1222 1256 1287; x_wconf 92' lang='grc' dir='ltr'><strong><em>Η</em></strong></span> <span class='ocrx_word' id='word_1_66' title='bbox 1282 1243 1312 1308; x_wconf 91' lang='lat' dir='ltr'>p.</span> <span class='ocrx_word' id='word_1_67' title='bbox 1336 1222 1490 1309; x_wconf 79' lang='lat'>347,15).</span> 
     </span>
     <span class='ocr_line' id='line_1_10' title="bbox 208 1326 1489 1414; baseline 0.002 -22"><span class='ocrx_word' id='word_1_68' title='bbox 208 1326 273 1393; x_wconf 82' lang='lat' dir='ltr'>Sed</span> <span class='ocrx_word' id='word_1_69' title='bbox 296 1348 371 1393; x_wconf 93' lang='lat' dir='ltr'>cum</span> <span class='ocrx_word' id='word_1_70' title='bbox 393 1327 551 1393; x_wconf 89' lang='lat' dir='ltr'>Lehrsius</span> <span class='ocrx_word' id='word_1_71' title='bbox 575 1329 632 1414; x_wconf 93' lang='lat' dir='ltr'>qui</span> <span class='ocrx_word' id='word_1_72' title='bbox 655 1327 733 1394; x_wconf 89' lang='lat' dir='ltr'>solis</span> <span class='ocrx_word' id='word_1_73' title='bbox 758 1327 891 1394; x_wconf 89' lang='lat' dir='ltr'>scholiis</span> <span class='ocrx_word' id='word_1_74' title='bbox 907 1330 939 1394; x_wconf 86' lang='grc' dir='ltr'><strong><em>Α</em></strong></span> <span class='ocrx_word' id='word_1_75' title='bbox 954 1331 989 1394; x_wconf 87' lang='lat' dir='ltr'>et</span> <span class='ocrx_word' id='word_1_76' title='bbox 1003 1329 1040 1394; x_wconf 91' lang='lat' dir='ltr'><em>D</em></span> <span class='ocrx_word' id='word_1_77' title='bbox 1056 1350 1139 1394; x_wconf 90' lang='lat' dir='ltr'>usus</span> <span class='ocrx_word' id='word_1_78' title='bbox 1155 1332 1208 1394; x_wconf 90' lang='lat' dir='ltr'>est</span> <span class='ocrx_word' id='word_1_79' title='bbox 1223 1329 1259 1394; x_wconf 92' lang='lat' dir='ltr'>in</span> <span class='ocrx_word' id='word_1_80' title='bbox 1274 1328 1489 1395; x_wconf 78' lang='lat' dir='ltr'>restituendis</span> 
     </span>
     <span class='ocr_line' id='line_1_11' title="bbox 206 1433 1489 1518; baseline 0.002 -20"><span class='ocrx_word' id='word_1_81' title='bbox 206 1433 388 1500; x_wconf 88' lang='lat' dir='ltr'>Herodiani</span> <span class='ocrx_word' id='word_1_82' title='bbox 409 1435 521 1500; x_wconf 89' lang='lat' dir='ltr'>verbis</span> <span class='ocrx_word' id='word_1_83' title='bbox 544 1433 685 1500; x_wconf 82' lang='lat' dir='ltr'>feliciter</span> <span class='ocrx_word' id='word_1_84' title='bbox 707 1434 762 1499; x_wconf 89' lang='lat' dir='ltr'>hic</span> <span class='ocrx_word' id='word_1_85' title='bbox 792 1455 829 1500; x_wconf 92' lang='lat' dir='ltr'>se</span> <span class='ocrx_word' id='word_1_86' title='bbox 852 1454 921 1500; x_wconf 91' lang='lat' dir='ltr'>non</span> <span class='ocrx_word' id='word_1_87' title='bbox 943 1438 1082 1518; x_wconf 85' lang='lat' dir='ltr'>gereret,</span> <span class='ocrx_word' id='word_1_88' title='bbox 1114 1435 1194 1501; x_wconf 90' lang='lat' dir='ltr'>locis</span> <span class='ocrx_word' id='word_1_89' title='bbox 1227 1435 1286 1501; x_wconf 93' lang='lat' dir='ltr'>ubi</span> <span class='ocrx_word' id='word_1_90' title='bbox 1308 1434 1489 1502; x_wconf 90' lang='lat' dir='ltr'>Herodiani</span> 
     </span>
     <span class='ocr_line' id='line_1_12' title="bbox 205 1540 1489 1627; baseline 0.003 -22"><span class='ocrx_word' id='word_1_91' title='bbox 205 1541 311 1606; x_wconf 88' lang='lat' dir='ltr'>verba</span> <span class='ocrx_word' id='word_1_92' title='bbox 341 1545 478 1607; x_wconf 89' lang='lat' dir='ltr'>servata</span> <span class='ocrx_word' id='word_1_93' title='bbox 510 1544 591 1617; x_wconf 89' lang='lat' dir='ltr'>sunt</span> <span class='ocrx_word' id='word_1_94' title='bbox 624 1540 737 1626; x_wconf 88' lang='lat' dir='ltr'>(schol.</span> <span class='ocrx_word' id='word_1_95' title='bbox 761 1543 841 1624; x_wconf 87' lang='lat' dir='ltr'>AB;</span> <span class='ocrx_word' id='word_1_96' title='bbox 878 1540 968 1606; x_wconf 85' lang='lat' dir='ltr'>Tad</span> <span class='ocrx_word' id='word_1_97' title='bbox 991 1562 1036 1625; x_wconf 79' lang='grc' dir='ltr'>ν.;</span> <span class='ocrx_word' id='word_1_98' title='bbox 1071 1542 1173 1609; x_wconf 89' lang='lat' dir='ltr'>schol.</span> <span class='ocrx_word' id='word_1_99' title='bbox 1206 1540 1287 1607; x_wconf 82' lang='lat' dir='ltr'>Gen.</span> <span class='ocrx_word' id='word_1_100' title='bbox 1311 1543 1350 1627; x_wconf 80' lang='grc' dir='ltr'>Π,</span> <span class='ocrx_word' id='word_1_101' title='bbox 1386 1541 1489 1609; x_wconf 87' lang='lat' dir='ltr'>Paris.</span> 
     </span>
     <span class='ocr_line' id='line_1_13' title="bbox 206 1645 1488 1738; baseline 0.002 -26"><span class='ocrx_word' id='word_1_102' title='bbox 206 1647 293 1714; x_wconf 81' lang='lat'>2679</span> <span class='ocrx_word' id='word_1_103' title='bbox 330 1645 489 1736; x_wconf 59' lang='lat' dir='ltr'>[Gramen</span> <span class='ocrx_word' id='word_1_104' title='bbox 524 1650 588 1712; x_wconf 88' lang='grc' dir='ltr'>ΑΡ</span> <span class='ocrx_word' id='word_1_105' title='bbox 612 1649 656 1713; x_wconf 92' lang='grc' dir='ltr'>ΙΙΙ</span> <span class='ocrx_word' id='word_1_106' title='bbox 678 1670 707 1735; x_wconf 89' lang='lat' dir='ltr'>p.</span> <span class='ocrx_word' id='word_1_107' title='bbox 725 1650 778 1731; x_wconf 84' lang='lat'>27,</span> <span class='ocrx_word' id='word_1_108' title='bbox 792 1645 845 1736; x_wconf 80' lang='lat'>30]</span> <span class='ocrx_word' id='word_1_109' title='bbox 882 1650 918 1714; x_wconf 92' lang='lat' dir='ltr'><em>D</em></span> <span class='ocrx_word' id='word_1_110' title='bbox 954 1645 1004 1736; x_wconf 88' lang='lat' dir='ltr'>[cf.</span> <span class='ocrx_word' id='word_1_111' title='bbox 1028 1647 1131 1714; x_wconf 81' lang='lat' dir='ltr'>Beklr.</span> <span class='ocrx_word' id='word_1_112' title='bbox 1165 1669 1190 1714; x_wconf 93' lang='lat' dir='ltr'>c.</span> <span class='ocrx_word' id='word_1_113' title='bbox 1215 1648 1281 1716; x_wconf 83' lang='lat'>578</span> <span class='ocrx_word' id='word_1_114' title='bbox 1305 1649 1326 1714; x_wconf 95' lang='lat' dir='ltr'>b</span> <span class='ocrx_word' id='word_1_115' title='bbox 1348 1647 1403 1738; x_wconf 80' lang='lat'>42]</span> <span class='ocrx_word' id='word_1_116' title='bbox 1436 1647 1488 1714; x_wconf 79' lang='lat' dir='ltr'>nt.</span> 
     </span>
     <span class='ocr_line' id='line_1_14' title="bbox 205 1754 1488 1843; baseline 0.002 -24"><span class='ocrx_word' id='word_1_117' title='bbox 205 1754 288 1820; x_wconf 83' lang='lat' dir='ltr'>Flor.</span> <span class='ocrx_word' id='word_1_118' title='bbox 321 1777 351 1840; x_wconf 86' lang='lat' dir='ltr'>p.</span> <span class='ocrx_word' id='word_1_119' title='bbox 375 1756 441 1821; x_wconf 87' lang='grc'>288</span> <span class='ocrx_word' id='word_1_120' title='bbox 472 1754 520 1822; x_wconf 93' lang='lat' dir='ltr'>ed.</span> <span class='ocrx_word' id='word_1_121' title='bbox 544 1755 635 1840; x_wconf 91' lang='lat' dir='ltr'>Mill.;</span> <span class='ocrx_word' id='word_1_122' title='bbox 669 1755 1079 1843; x_wconf 80' lang='lat' dir='ltr'>lex.Ps.Z0n.o.1757)</span> <span class='ocrx_word' id='word_1_123' title='bbox 1110 1755 1219 1822; x_wconf 93' lang='lat' dir='ltr'>denuo</span> <span class='ocrx_word' id='word_1_124' title='bbox 1253 1755 1382 1822; x_wconf 87' lang='lat' dir='ltr'>collatis</span> <span class='ocrx_word' id='word_1_125' title='bbox 1411 1777 1488 1842; x_wconf 91' lang='lat' dir='ltr'>per-</span> 
     </span>
     <span class='ocr_line' id='line_1_15' title="bbox 205 1861 1488 1948; baseline 0.002 -23"><span class='ocrx_word' id='word_1_126' title='bbox 205 1861 336 1948; x_wconf 91' lang='lat' dir='ltr'>quisitis</span> <span class='ocrx_word' id='word_1_127' title='bbox 371 1864 418 1928; x_wconf 91' lang='lat' dir='ltr'>sio</span> <span class='ocrx_word' id='word_1_128' title='bbox 456 1861 525 1928; x_wconf 87' lang='lat' dir='ltr'>fere</span> <span class='ocrx_word' id='word_1_129' title='bbox 559 1861 786 1928; x_wconf 90' lang='lat' dir='ltr'>Herodianum</span> <span class='ocrx_word' id='word_1_130' title='bbox 820 1863 991 1947; x_wconf 89' lang='lat' dir='ltr'>scripsisse</span> <span class='ocrx_word' id='word_1_131' title='bbox 1027 1864 1216 1947; x_wconf 91' lang='lat' dir='ltr'>opinamur:</span> <span class='ocrx_word' id='word_1_132' title='bbox 1255 1866 1454 1948; x_wconf 81' lang='grc' dir='ltr'><em>τομβοχοῆο’</em></span> <span class='ocrx_word' id='word_1_133' title='bbox 1481 1881 1488 1895; x_wconf 91' lang='grc'><em>·</em></span> 
     </span>
     <span class='ocr_line' id='line_1_16' title="bbox 204 1970 1490 2055; baseline 0.002 -22"><span class='ocrx_word' id='word_1_134' title='bbox 204 1978 331 2052; x_wconf 84' lang='grc' dir='ltr'><em>χωστοῦ</em></span> <span class='ocrx_word' id='word_1_135' title='bbox 361 1972 465 2054; x_wconf 80' lang='grc' dir='ltr'><em>τάφου</em></span> <span class='ocrx_word' id='word_1_136' title='bbox 497 1972 628 2044; x_wconf 85' lang='grc' dir='ltr'><em>ἀξιῶσαι</em></span> <span class='ocrx_word' id='word_1_137' title='bbox 645 1991 651 2004; x_wconf 93' lang='grc'>·</span> <span class='ocrx_word' id='word_1_138' title='bbox 667 1972 788 2054; x_wconf 80' lang='grc' dir='ltr'><em>τύμβος</em></span> <span class='ocrx_word' id='word_1_139' title='bbox 820 1971 880 2053; x_wconf 83' lang='grc' dir='ltr'>γάρ</span> <span class='ocrx_word' id='word_1_140' title='bbox 911 1972 930 2034; x_wconf 84' lang='grc' dir='ltr'>ὁ</span> <span class='ocrx_word' id='word_1_141' title='bbox 960 1971 1056 2053; x_wconf 84' lang='grc' dir='ltr'><em>’χυτὸς</em></span> <span class='ocrx_word' id='word_1_142' title='bbox 1085 1972 1194 2054; x_wconf 84' lang='grc' dir='ltr'><em>τάφος.</em></span> <span class='ocrx_word' id='word_1_143' title='bbox 1240 1970 1275 2034; x_wconf 83' lang='grc' dir='ltr'>τὸ</span> <span class='ocrx_word' id='word_1_144' title='bbox 1307 1971 1342 2035; x_wconf 79' lang='grc' dir='ltr'>δὲ</span> <span class='ocrx_word' id='word_1_145' title='bbox 1371 1973 1490 2055; x_wconf 80' lang='grc' dir='ltr'><em>πλῆρες</em></span> 
     </span>
     <span class='ocr_line' id='line_1_17' title="bbox 204 2078 1488 2162; baseline 0.002 -22"><span class='ocrx_word' id='word_1_146' title='bbox 204 2080 424 2161; x_wconf 80' lang='grc' dir='ltr'><em>τομβσχοῆσαί</em></span> <span class='ocrx_word' id='word_1_147' title='bbox 451 2080 531 2142; x_wconf 81' lang='grc' dir='ltr'><em>ἐστιν</em></span> <span class='ocrx_word' id='word_1_148' title='bbox 551 2096 557 2111; x_wconf 91' lang='grc'>·</span> <span class='ocrx_word' id='word_1_149' title='bbox 580 2079 628 2142; x_wconf 81' lang='grc' dir='ltr'>διὸ</span> <span class='ocrx_word' id='word_1_150' title='bbox 652 2081 878 2160; x_wconf 81' lang='grc' dir='ltr'><em>περισπαστέον</em></span> <span class='ocrx_word' id='word_1_151' title='bbox 908 2078 943 2141; x_wconf 84' lang='grc' dir='ltr'>τὸ</span> <span class='ocrx_word' id='word_1_152' title='bbox 966 2103 986 2161; x_wconf 85' lang='grc' dir='ltr'><em>η</em></span> <span class='ocrx_word' id='word_1_153' title='bbox 1009 2099 1015 2111; x_wconf 93' lang='grc'><strong><em>·</em></strong></span> <span class='ocrx_word' id='word_1_154' title='bbox 1038 2080 1141 2149; x_wconf 81' lang='grc' dir='ltr'><em>οὕτως</em></span> <span class='ocrx_word' id='word_1_155' title='bbox 1165 2079 1370 2162; x_wconf 81' lang='grc' dir='ltr'><em>Ἀρίσταρχος</em></span> <span class='ocrx_word' id='word_1_156' title='bbox 1392 2079 1446 2142; x_wconf 85' lang='grc' dir='ltr'>καὶ</span> <span class='ocrx_word' id='word_1_157' title='bbox 1469 2080 1488 2143; x_wconf 85' lang='lat' dir='ltr'>d</span> 
     </span>
     <span class='ocr_line' id='line_1_18' title="bbox 199 2181 1488 2272; baseline 0.001 -25"><span class='ocrx_word' id='word_1_158' title='bbox 199 2184 430 2268; x_wconf 73' lang='grc' dir='ltr'><em>Ἀσκαλωνίτης</em></span> <span class='ocrx_word' id='word_1_159' title='bbox 452 2182 503 2270; x_wconf 85' lang='lat' dir='ltr'>(cf.</span> <span class='ocrx_word' id='word_1_160' title='bbox 519 2183 647 2265; x_wconf 78' lang='lat' dir='ltr'>Baege,</span> <span class='ocrx_word' id='word_1_161' title='bbox 672 2183 712 2248; x_wconf 87' lang='lat' dir='ltr'>de</span> <span class='ocrx_word' id='word_1_162' title='bbox 728 2181 813 2248; x_wconf 81' lang='lat' dir='ltr'>Ptol.</span> <span class='ocrx_word' id='word_1_163' title='bbox 828 2184 904 2248; x_wconf 85' lang='lat' dir='ltr'>Asc.</span> <span class='ocrx_word' id='word_1_164' title='bbox 921 2205 950 2268; x_wconf 92' lang='lat' dir='ltr'>p.</span> <span class='ocrx_word' id='word_1_165' title='bbox 964 2183 1019 2272; x_wconf 82' lang='lat'>60)</span> <span class='ocrx_word' id='word_1_166' title='bbox 1042 2186 1096 2248; x_wconf 80' lang='grc' dir='ltr'>καὶ</span> <span class='ocrx_word' id='word_1_167' title='bbox 1120 2187 1151 2248; x_wconf 82' lang='grc' dir='ltr'>οἶ</span> <span class='ocrx_word' id='word_1_168' title='bbox 1172 2186 1305 2256; x_wconf 80' lang='grc' dir='ltr'><em>πλείους.</em></span> <span class='ocrx_word' id='word_1_169' title='bbox 1337 2185 1488 2269; x_wconf 83' lang='grc' dir='ltr'><em>Κράτης</em></span> 
     </span>
     <span class='ocr_line' id='line_1_19' title="bbox 202 2292 1489 2376; baseline 0.001 -21"><span class='ocrx_word' id='word_1_170' title='bbox 202 2294 309 2375; x_wconf 81' lang='grc' dir='ltr'><em>μέντοι</em></span> <span class='ocrx_word' id='word_1_171' title='bbox 332 2292 457 2375; x_wconf 81' lang='grc' dir='ltr'><em>γενικὴν</em></span> <span class='ocrx_word' id='word_1_172' title='bbox 476 2298 593 2356; x_wconf 81' lang='grc' dir='ltr'><em>πτῶσιν</em></span> <span class='ocrx_word' id='word_1_173' title='bbox 609 2292 790 2365; x_wconf 80' lang='grc' dir='ltr'><em>ἐξεδέξατο·</em></span> <span class='ocrx_word' id='word_1_174' title='bbox 805 2293 887 2372; x_wconf 76' lang='lat' dir='ltr'>„erin</span> <span class='ocrx_word' id='word_1_175' title='bbox 903 2294 995 2365; x_wconf 79' lang='grc' dir='ltr'><em>ἔσται,</em></span> <span class='ocrx_word' id='word_1_176' title='bbox 1019 2294 1125 2375; x_wconf 79' lang='grc' dir='ltr'><em>φησίν,</em></span> <span class='ocrx_word' id='word_1_177' title='bbox 1147 2294 1235 2374; x_wconf 80' lang='grc' dir='ltr'><em>αὐτῷ</em></span> <span class='ocrx_word' id='word_1_178' title='bbox 1249 2294 1338 2376; x_wconf 81' lang='grc' dir='ltr'><em>χρεία</em></span> <span class='ocrx_word' id='word_1_179' title='bbox 1354 2294 1489 2375; x_wconf 87' lang='grc' dir='ltr'><em>χώσεως</em></span> 
     </span>
     <span class='ocr_line' id='line_1_20' title="bbox 202 2399 1489 2482; baseline 0.001 -21"><span class='ocrx_word' id='word_1_180' title='bbox 202 2399 336 2481; x_wconf 80' lang='grc' dir='ltr'><em>τάφου.“</em></span> <span class='ocrx_word' id='word_1_181' title='bbox 383 2400 437 2462; x_wconf 85' lang='grc' dir='ltr'>καὶ</span> <span class='ocrx_word' id='word_1_182' title='bbox 460 2399 556 2482; x_wconf 81' lang='grc' dir='ltr'><em>δῆλον</em></span> <span class='ocrx_word' id='word_1_183' title='bbox 587 2400 633 2463; x_wconf 85' lang='grc' dir='ltr'>ὅτι</span> <span class='ocrx_word' id='word_1_184' title='bbox 657 2399 808 2482; x_wconf 79' lang='grc' dir='ltr'><em>ἐβάρυνεν</em></span> <span class='ocrx_word' id='word_1_185' title='bbox 832 2400 954 2481; x_wconf 85' lang='grc' dir='ltr'><em>ὁμοίως</em></span> <span class='ocrx_word' id='word_1_186' title='bbox 976 2407 1023 2481; x_wconf 80' lang='grc' dir='ltr'>τῷ</span> <span class='ocrx_word' id='word_1_187' title='bbox 1048 2400 1248 2482; x_wconf 84' lang='grc' dir='ltr'><em>,,σῑνσχόης“.</em></span> <span class='ocrx_word' id='word_1_188' title='bbox 1295 2401 1424 2482; x_wconf 82' lang='grc' dir='ltr'><em>ἄμεινον</em></span> <span class='ocrx_word' id='word_1_189' title='bbox 1452 2399 1489 2462; x_wconf 73' lang='grc' dir='ltr'>δὲ</span> 
     </span>
     <span class='ocr_line' id='line_1_21' title="bbox 204 2502 1410 2589; baseline -0.002 -19"><span class='ocrx_word' id='word_1_190' title='bbox 204 2507 237 2570; x_wconf 84' lang='grc' dir='ltr'>ἕν</span> <span class='ocrx_word' id='word_1_191' title='bbox 259 2515 306 2588; x_wconf 74' lang='grc' dir='ltr'>τῷ</span> <span class='ocrx_word' id='word_1_192' title='bbox 328 2508 444 2589; x_wconf 84' lang='grc' dir='ltr'><em>ῥήματι</em></span> <span class='ocrx_word' id='word_1_193' title='bbox 465 2506 500 2570; x_wconf 86' lang='grc' dir='ltr'>τὸ</span> <span class='ocrx_word' id='word_1_194' title='bbox 523 2513 655 2589; x_wconf 83' lang='grc' dir='ltr'><em>πρᾶγμα</em></span> <span class='ocrx_word' id='word_1_195' title='bbox 678 2506 937 2589; x_wconf 82' lang='grc' dir='ltr'><em>παραλαμβάνειν</em></span> <span class='ocrx_word' id='word_1_196' title='bbox 960 2509 980 2588; x_wconf 85' lang='grc' dir='ltr'><em>ἢ</em></span> <span class='ocrx_word' id='word_1_197' title='bbox 1009 2509 1042 2570; x_wconf 78' lang='grc' dir='ltr'>ἐν</span> <span class='ocrx_word' id='word_1_198' title='bbox 1064 2516 1111 2588; x_wconf 80' lang='grc' dir='ltr'>τῷ</span> <span class='ocrx_word' id='word_1_199' title='bbox 1134 2506 1272 2588; x_wconf 84' lang='grc' dir='ltr'><em>ὀνόματι.</em></span> <span class='ocrx_word' id='word_1_200' title='bbox 1406 2502 1410 2510; x_wconf 76' lang='lat'>&#39;</span> 
     </span>
    </p>

    <p class='ocr_par' dir='ltr' id='par_1_4' title="bbox 180 2610 1487 4621">
     <span class='ocr_line' id='line_1_22' title="bbox 309 2610 1487 2697; baseline 0 -21"><span class='ocrx_word' id='word_1_201' title='bbox 309 2611 381 2677; x_wconf 88' lang='lat' dir='ltr'>Iam</span> <span class='ocrx_word' id='word_1_202' title='bbox 403 2614 443 2676; x_wconf 95' lang='lat' dir='ltr'>ut</span> <span class='ocrx_word' id='word_1_203' title='bbox 467 2610 510 2676; x_wconf 88' lang='lat' dir='ltr'>ad</span> <span class='ocrx_word' id='word_1_204' title='bbox 533 2611 665 2694; x_wconf 84' lang='lat' dir='ltr'>singula</span> <span class='ocrx_word' id='word_1_205' title='bbox 687 2610 850 2677; x_wconf 92' lang='lat' dir='ltr'>nonnulla</span> <span class='ocrx_word' id='word_1_206' title='bbox 873 2610 1073 2677; x_wconf 90' lang='lat' dir='ltr'>adnotemus</span> <span class='ocrx_word' id='word_1_207' title='bbox 1097 2631 1235 2677; x_wconf 90' lang='lat' dir='ltr'>necesse</span> <span class='ocrx_word' id='word_1_208' title='bbox 1255 2615 1321 2677; x_wconf 90' lang='lat' dir='ltr'>est:</span> <span class='ocrx_word' id='word_1_209' title='bbox 1343 2611 1487 2697; x_wconf 90' lang='lat' dir='ltr'>primum</span> 
     </span>
     <span class='ocr_line' id='line_1_23' title="bbox 203 2716 1486 2804; baseline 0.002 -21"><span class='ocrx_word' id='word_1_210' title='bbox 203 2718 307 2784; x_wconf 89' lang='lat' dir='ltr'>verba</span> <span class='ocrx_word' id='word_1_211' title='bbox 338 2719 387 2784; x_wconf 77' lang='grc' dir='ltr'>διὸ</span> <span class='ocrx_word' id='word_1_212' title='bbox 410 2721 637 2802; x_wconf 83' lang='grc' dir='ltr'><em>περισπαστέον</em></span> <span class='ocrx_word' id='word_1_213' title='bbox 658 2720 693 2784; x_wconf 89' lang='grc' dir='ltr'>τὸ</span> <span class='ocrx_word' id='word_1_214' title='bbox 714 2745 733 2802; x_wconf 86' lang='grc' dir='ltr'><em>η</em></span> <span class='ocrx_word' id='word_1_215' title='bbox 760 2717 803 2783; x_wconf 89' lang='lat' dir='ltr'>ad</span> <span class='ocrx_word' id='word_1_216' title='bbox 826 2716 1054 2784; x_wconf 89' lang='lat' dir='ltr'>Herodianum</span> <span class='ocrx_word' id='word_1_217' title='bbox 1078 2717 1252 2783; x_wconf 89' lang='lat' dir='ltr'>referimus</span> <span class='ocrx_word' id='word_1_218' title='bbox 1276 2717 1360 2799; x_wconf 92' lang='lat' dir='ltr'>ideo,</span> <span class='ocrx_word' id='word_1_219' title='bbox 1397 2717 1486 2804; x_wconf 86' lang='lat' dir='ltr'>quod</span> 
     </span>
     <span class='ocr_line' id='line_1_24' title="bbox 203 2823 1486 2912; baseline -0.001 -21"><span class='ocrx_word' id='word_1_220' title='bbox 203 2829 320 2891; x_wconf 89' lang='lat' dir='ltr'>contra</span> <span class='ocrx_word' id='word_1_221' title='bbox 343 2825 512 2892; x_wconf 79' lang='lat' dir='ltr'>Oratetem</span> <span class='ocrx_word' id='word_1_222' title='bbox 539 2826 582 2892; x_wconf 88' lang='lat' dir='ltr'>ab</span> <span class='ocrx_word' id='word_1_223' title='bbox 614 2846 652 2893; x_wconf 91' lang='lat' dir='ltr'>eo</span> <span class='ocrx_word' id='word_1_224' title='bbox 685 2846 726 2892; x_wconf 92' lang='lat' dir='ltr'>ea</span> <span class='ocrx_word' id='word_1_225' title='bbox 756 2825 881 2912; x_wconf 88' lang='lat' dir='ltr'>scripta</span> <span class='ocrx_word' id='word_1_226' title='bbox 910 2846 983 2891; x_wconf 90' lang='lat' dir='ltr'>esse</span> <span class='ocrx_word' id='word_1_227' title='bbox 1007 2827 1135 2890; x_wconf 87' lang='lat' dir='ltr'>certum</span> <span class='ocrx_word' id='word_1_228' title='bbox 1160 2828 1220 2891; x_wconf 91' lang='lat' dir='ltr'>est.</span> <span class='ocrx_word' id='word_1_229' title='bbox 1266 2823 1381 2910; x_wconf 90' lang='lat' dir='ltr'>Neque</span> <span class='ocrx_word' id='word_1_230' title='bbox 1405 2845 1486 2890; x_wconf 87' lang='lat' dir='ltr'>vere</span> 
     </span>
     <span class='ocr_line' id='line_1_25' title="bbox 203 2931 1486 3018; baseline -0.001 -21"><span class='ocrx_word' id='word_1_231' title='bbox 203 2932 245 2997; x_wconf 89' lang='lat' dir='ltr'>ab</span> <span class='ocrx_word' id='word_1_232' title='bbox 269 2932 461 2998; x_wconf 89' lang='lat' dir='ltr'>Aristarcho</span> <span class='ocrx_word' id='word_1_233' title='bbox 486 2932 541 2997; x_wconf 90' lang='lat' dir='ltr'>vel</span> <span class='ocrx_word' id='word_1_234' title='bbox 565 2932 622 3018; x_wconf 91' lang='lat' dir='ltr'>qui</span> <span class='ocrx_word' id='word_1_235' title='bbox 646 2953 723 2997; x_wconf 91' lang='lat' dir='ltr'>eum</span> <span class='ocrx_word' id='word_1_236' title='bbox 746 2932 953 3018; x_wconf 89' lang='lat' dir='ltr'>sequebatur</span> <span class='ocrx_word' id='word_1_237' title='bbox 973 2932 1016 2997; x_wconf 87' lang='lat' dir='ltr'>ab</span> <span class='ocrx_word' id='word_1_238' title='bbox 1033 2931 1223 2998; x_wconf 88' lang='lat' dir='ltr'>Herodiano</span> <span class='ocrx_word' id='word_1_239' title='bbox 1240 2931 1344 2998; x_wconf 90' lang='lat' dir='ltr'>verba</span> <span class='ocrx_word' id='word_1_240' title='bbox 1359 2938 1486 3015; x_wconf 79' lang='grc' dir='ltr'><em>χωστοῦ</em></span> 
     </span>
     <span class='ocr_line' id='line_1_26' title="bbox 201 3037 1484 3125; baseline 0 -22"><span class='ocrx_word' id='word_1_241' title='bbox 201 3042 305 3123; x_wconf 84' lang='grc' dir='ltr'><em>τάφου</em></span> <span class='ocrx_word' id='word_1_242' title='bbox 322 3042 454 3114; x_wconf 84' lang='grc' dir='ltr'><em>ἀξιῶσαι</em></span> <span class='ocrx_word' id='word_1_243' title='bbox 471 3039 582 3105; x_wconf 85' lang='lat' dir='ltr'>aliena</span> <span class='ocrx_word' id='word_1_244' title='bbox 601 3043 691 3123; x_wconf 90' lang='lat' dir='ltr'>sunt,</span> <span class='ocrx_word' id='word_1_245' title='bbox 716 3039 882 3106; x_wconf 88' lang='lat' dir='ltr'>artissime</span> <span class='ocrx_word' id='word_1_246' title='bbox 897 3039 998 3104; x_wconf 91' lang='lat' dir='ltr'>immo</span> <span class='ocrx_word' id='word_1_247' title='bbox 1016 3040 1194 3105; x_wconf 90' lang='lat' dir='ltr'>coniuncta</span> <span class='ocrx_word' id='word_1_248' title='bbox 1209 3037 1263 3125; x_wconf 85' lang='lat' dir='ltr'>(cf.</span> <span class='ocrx_word' id='word_1_249' title='bbox 1279 3038 1484 3119; x_wconf 84' lang='lat' dir='ltr'>Hoffmann,</span> 
     </span>
     <span class='ocr_line' id='line_1_27' title="bbox 201 3144 1485 3235; baseline -0.001 -25"><span class='ocrx_word' id='word_1_250' title='bbox 201 3145 220 3211; x_wconf 96' lang='lat' dir='ltr'>l.</span> <span class='ocrx_word' id='word_1_251' title='bbox 238 3168 262 3211; x_wconf 80' lang='lat' dir='ltr'>s</span> <span class='ocrx_word' id='word_1_252' title='bbox 280 3167 304 3212; x_wconf 90' lang='lat' dir='ltr'>s.</span> <span class='ocrx_word' id='word_1_253' title='bbox 321 3146 335 3211; x_wconf 94' lang='lat'><em>1</em></span> <span class='ocrx_word' id='word_1_254' title='bbox 358 3169 388 3232; x_wconf 92' lang='lat' dir='ltr'>p.</span> <span class='ocrx_word' id='word_1_255' title='bbox 404 3146 495 3235; x_wconf 81' lang='lat'>282):</span> <span class='ocrx_word' id='word_1_256' title='bbox 518 3146 707 3213; x_wconf 89' lang='lat' dir='ltr'>infinitivus</span> <span class='ocrx_word' id='word_1_257' title='bbox 731 3150 847 3212; x_wconf 89' lang='lat' dir='ltr'>autem</span> <span class='ocrx_word' id='word_1_258' title='bbox 864 3149 1006 3228; x_wconf 86' lang='grc' dir='ltr'><em>ἀξιῶσαι,</em></span> <span class='ocrx_word' id='word_1_259' title='bbox 1032 3146 1089 3232; x_wconf 91' lang='lat' dir='ltr'>qui</span> <span class='ocrx_word' id='word_1_260' title='bbox 1112 3144 1321 3211; x_wconf 88' lang='lat' dir='ltr'>desideratur</span> <span class='ocrx_word' id='word_1_261' title='bbox 1340 3144 1485 3210; x_wconf 88' lang='lat' dir='ltr'>maxime</span> 
     </span>
     <span class='ocr_line' id='line_1_28' title="bbox 201 3250 1485 3340; baseline 0.001 -22"><span class='ocrx_word' id='word_1_262' title='bbox 201 3254 237 3318; x_wconf 92' lang='lat' dir='ltr'>in</span> <span class='ocrx_word' id='word_1_263' title='bbox 268 3254 391 3319; x_wconf 92' lang='lat' dir='ltr'>scholio</span> <span class='ocrx_word' id='word_1_264' title='bbox 426 3253 507 3320; x_wconf 86' lang='lat' dir='ltr'>Gen.</span> <span class='ocrx_word' id='word_1_265' title='bbox 536 3251 571 3320; x_wconf 86' lang='lat' dir='ltr'>et</span> <span class='ocrx_word' id='word_1_266' title='bbox 598 3255 633 3318; x_wconf 93' lang='lat' dir='ltr'>in</span> <span class='ocrx_word' id='word_1_267' title='bbox 660 3252 711 3319; x_wconf 78' lang='lat' dir='ltr'>Et.</span> <span class='ocrx_word' id='word_1_268' title='bbox 739 3253 832 3336; x_wconf 77' lang='lat' dir='ltr'>Flor,</span> <span class='ocrx_word' id='word_1_269' title='bbox 865 3256 999 3340; x_wconf 91' lang='lat' dir='ltr'>propter</span> <span class='ocrx_word' id='word_1_270' title='bbox 1028 3251 1152 3319; x_wconf 90' lang='lat' dir='ltr'>lemma</span> <span class='ocrx_word' id='word_1_271' title='bbox 1181 3256 1365 3337; x_wconf 80' lang='grc' dir='ltr'><em>τυμβοχοῆς</em></span> <span class='ocrx_word' id='word_1_272' title='bbox 1396 3250 1485 3339; x_wconf 86' lang='lat' dir='ltr'>quod</span> 
     </span>
     <span class='ocr_line' id='line_1_29' title="bbox 201 3358 1485 3446; baseline -0.001 -22"><span class='ocrx_word' id='word_1_273' title='bbox 201 3361 370 3446; x_wconf 89' lang='lat' dir='ltr'>praecedit</span> <span class='ocrx_word' id='word_1_274' title='bbox 393 3361 523 3426; x_wconf 88' lang='lat' dir='ltr'>excidit.</span> <span class='ocrx_word' id='word_1_275' title='bbox 558 3360 673 3446; x_wconf 89' lang='lat' dir='ltr'>Neque</span> <span class='ocrx_word' id='word_1_276' title='bbox 696 3381 774 3426; x_wconf 89' lang='lat' dir='ltr'>vero</span> <span class='ocrx_word' id='word_1_277' title='bbox 797 3360 903 3426; x_wconf 86' lang='lat' dir='ltr'>verba</span> <span class='ocrx_word' id='word_1_278' title='bbox 925 3361 1039 3444; x_wconf 83' lang='grc' dir='ltr'><em>χοτοὺς</em></span> <span class='ocrx_word' id='word_1_279' title='bbox 1062 3361 1123 3444; x_wconf 83' lang='grc' dir='ltr'>γὰρ</span> <span class='ocrx_word' id='word_1_280' title='bbox 1147 3361 1220 3431; x_wconf 83' lang='grc' dir='ltr'><em>τοὺς</em></span> <span class='ocrx_word' id='word_1_281' title='bbox 1242 3361 1364 3444; x_wconf 81' lang='grc' dir='ltr'><em>τάφους</em></span> <span class='ocrx_word' id='word_1_282' title='bbox 1378 3358 1485 3423; x_wconf 89' lang='lat' dir='ltr'>Hero-</span> 
     </span>
     <span class='ocr_line' id='line_1_30' title="bbox 202 3463 1484 3552; baseline -0.002 -20"><span class='ocrx_word' id='word_1_283' title='bbox 202 3467 301 3533; x_wconf 86' lang='lat' dir='ltr'>diano</span> <span class='ocrx_word' id='word_1_284' title='bbox 330 3466 569 3548; x_wconf 87' lang='lat' dir='ltr'>abiudicamus,</span> <span class='ocrx_word' id='word_1_285' title='bbox 601 3467 797 3552; x_wconf 88' lang='lat' dir='ltr'>praesertim</span> <span class='ocrx_word' id='word_1_286' title='bbox 828 3488 903 3532; x_wconf 92' lang='lat' dir='ltr'>cum</span> <span class='ocrx_word' id='word_1_287' title='bbox 926 3466 1030 3532; x_wconf 93' lang='lat' dir='ltr'>verba</span> <span class='ocrx_word' id='word_1_288' title='bbox 1060 3487 1146 3552; x_wconf 92' lang='lat' dir='ltr'>quae</span> <span class='ocrx_word' id='word_1_289' title='bbox 1179 3466 1320 3532; x_wconf 89' lang='lat' dir='ltr'>eandem</span> <span class='ocrx_word' id='word_1_290' title='bbox 1351 3463 1394 3531; x_wconf 90' lang='lat' dir='ltr'>ad</span> <span class='ocrx_word' id='word_1_291' title='bbox 1425 3482 1484 3530; x_wconf 88' lang='lat' dir='ltr'>ex-</span> 
     </span>
     <span class='ocr_line' id='line_1_31' title="bbox 201 3571 1485 3661; baseline -0.003 -22"><span class='ocrx_word' id='word_1_292' title='bbox 201 3573 415 3661; x_wconf 85' lang='lat' dir='ltr'>plicationem</span> <span class='ocrx_word' id='word_1_293' title='bbox 438 3574 482 3639; x_wconf 93' lang='lat' dir='ltr'>ab</span> <span class='ocrx_word' id='word_1_294' title='bbox 498 3573 681 3639; x_wconf 86' lang='lat' dir='ltr'>Aristarchi</span> <span class='ocrx_word' id='word_1_295' title='bbox 704 3572 855 3640; x_wconf 88' lang='lat' dir='ltr'>doctrina</span> <span class='ocrx_word' id='word_1_296' title='bbox 878 3572 970 3639; x_wconf 90' lang='lat' dir='ltr'>haud</span> <span class='ocrx_word' id='word_1_297' title='bbox 994 3574 1139 3639; x_wconf 91' lang='lat' dir='ltr'>alienam</span> <span class='ocrx_word' id='word_1_298' title='bbox 1156 3573 1206 3659; x_wconf 86' lang='lat' dir='ltr'>(cf.</span> <span class='ocrx_word' id='word_1_299' title='bbox 1222 3573 1348 3638; x_wconf 68' lang='lat' dir='ltr'>Lehrsr</span> <span class='ocrx_word' id='word_1_300' title='bbox 1364 3593 1393 3658; x_wconf 89' lang='lat' dir='ltr'>p.</span> <span class='ocrx_word' id='word_1_301' title='bbox 1410 3571 1485 3653; x_wconf 79' lang='lat'>102)</span> 
     </span>
     <span class='ocr_line' id='line_1_32' title="bbox 201 3677 1484 3765; baseline -0.003 -19"><span class='ocrx_word' id='word_1_302' title='bbox 201 3679 376 3747; x_wconf 88' lang='lat' dir='ltr'>referenda</span> <span class='ocrx_word' id='word_1_303' title='bbox 389 3684 469 3746; x_wconf 90' lang='lat' dir='ltr'>sunt</span> <span class='ocrx_word' id='word_1_304' title='bbox 480 3683 600 3765; x_wconf 80' lang='grc' dir='ltr'><em>τύμβος</em></span> <span class='ocrx_word' id='word_1_305' title='bbox 608 3682 696 3764; x_wconf 84' lang='grc' dir='ltr'>γὰρὸ</span> <span class='ocrx_word' id='word_1_306' title='bbox 704 3682 805 3764; x_wconf 90' lang='grc' dir='ltr'><em>τάφος</em></span> <span class='ocrx_word' id='word_1_307' title='bbox 816 3681 852 3746; x_wconf 95' lang='lat' dir='ltr'>in</span> <span class='ocrx_word' id='word_1_308' title='bbox 866 3679 989 3746; x_wconf 89' lang='lat' dir='ltr'>scholio</span> <span class='ocrx_word' id='word_1_309' title='bbox 999 3678 1138 3764; x_wconf 83' lang='lat' dir='ltr'>vulgato</span> <span class='ocrx_word' id='word_1_310' title='bbox 1154 3678 1323 3745; x_wconf 91' lang='lat' dir='ltr'>nonnullis</span> <span class='ocrx_word' id='word_1_311' title='bbox 1336 3679 1371 3744; x_wconf 94' lang='lat' dir='ltr'>in</span> <span class='ocrx_word' id='word_1_312' title='bbox 1384 3677 1484 3744; x_wconf 90' lang='lat' dir='ltr'>rebus</span> 
     </span>
     <span class='ocr_line' id='line_1_33' title="bbox 200 3786 1483 3890; baseline -0.002 -38"><span class='ocrx_word' id='word_1_313' title='bbox 200 3787 345 3874; x_wconf 88' lang='lat' dir='ltr'>pleniore</span> <span class='ocrx_word' id='word_1_314' title='bbox 370 3809 430 3854; x_wconf 91' lang='lat' dir='ltr'>suo</span> <span class='ocrx_word' id='word_1_315' title='bbox 454 3787 610 3870; x_wconf 84' lang='lat' dir='ltr'>legantur</span> <span class='ocrx_word' id='word_1_316' title='bbox 632 3788 720 3890; x_wconf 77' lang='lat' dir='ltr'>loco,</span> <span class='ocrx_word' id='word_1_317' title='bbox 744 3787 827 3854; x_wconf 91' lang='lat' dir='ltr'>haec</span> <span class='ocrx_word' id='word_1_318' title='bbox 851 3788 950 3870; x_wconf 85' lang='lat' dir='ltr'>igitur</span> <span class='ocrx_word' id='word_1_319' title='bbox 965 3786 1070 3854; x_wconf 88' lang='lat' dir='ltr'>verba</span> <span class='ocrx_word' id='word_1_320' title='bbox 1091 3809 1127 3853; x_wconf 90' lang='lat' dir='ltr'>se</span> <span class='ocrx_word' id='word_1_321' title='bbox 1143 3788 1261 3852; x_wconf 92' lang='lat' dir='ltr'>mutuo</span> <span class='ocrx_word' id='word_1_322' title='bbox 1278 3787 1483 3851; x_wconf 84' lang='lat' dir='ltr'>sustentant.</span> 
     </span>
     <span class='ocr_line' id='line_1_34' title="bbox 201 3890 1484 3975; baseline -0.003 -15"><span class='ocrx_word' id='word_1_323' title='bbox 201 3894 293 3975; x_wconf 79' lang='lat' dir='ltr'>Quae</span> <span class='ocrx_word' id='word_1_324' title='bbox 317 3916 395 3960; x_wconf 89' lang='lat' dir='ltr'>vero</span> <span class='ocrx_word' id='word_1_325' title='bbox 426 3895 491 3960; x_wconf 86' lang='lat' dir='ltr'>fuit</span> <span class='ocrx_word' id='word_1_326' title='bbox 522 3893 599 3961; x_wconf 92' lang='lat' dir='ltr'>olim</span> <span class='ocrx_word' id='word_1_327' title='bbox 630 3893 802 3961; x_wconf 89' lang='lat' dir='ltr'>collocatio</span> <span class='ocrx_word' id='word_1_328' title='bbox 833 3894 1010 3960; x_wconf 90' lang='lat' dir='ltr'>verborum</span> <span class='ocrx_word' id='word_1_329' title='bbox 1040 3893 1233 3961; x_wconf 84' lang='lat' dir='ltr'>restituere·</span> <span class='ocrx_word' id='word_1_330' title='bbox 1248 3912 1365 3958; x_wconf 91' lang='lat' dir='ltr'>sumus</span> <span class='ocrx_word' id='word_1_331' title='bbox 1392 3890 1484 3973; x_wconf 82' lang='lat' dir='ltr'>ausi3</span> 
     </span>
     <span class='ocr_line' id='line_1_35' title="bbox 201 3998 1486 4088; baseline -0.005 -20"><span class='ocrx_word' id='word_1_332' title='bbox 201 4023 243 4068; x_wconf 87' lang='lat' dir='ltr'>ex</span> <span class='ocrx_word' id='word_1_333' title='bbox 267 4023 334 4087; x_wconf 88' lang='lat' dir='ltr'>qua</span> <span class='ocrx_word' id='word_1_334' title='bbox 357 4000 527 4088; x_wconf 83' lang='lat' dir='ltr'>archetypi</span> <span class='ocrx_word' id='word_1_335' title='bbox 552 4001 701 4068; x_wconf 89' lang='lat' dir='ltr'>codicum</span> <span class='ocrx_word' id='word_1_336' title='bbox 723 4002 843 4086; x_wconf 86' lang='lat' dir='ltr'><em>AB(T)</em></span> <span class='ocrx_word' id='word_1_337' title='bbox 867 4001 975 4067; x_wconf 90' lang='lat' dir='ltr'>scriba</span> <span class='ocrx_word' id='word_1_338' title='bbox 1000 3999 1091 4067; x_wconf 87' lang='lat' dir='ltr'>aliud</span> <span class='ocrx_word' id='word_1_339' title='bbox 1114 3998 1193 4086; x_wconf 92' lang='lat' dir='ltr'>quid</span> <span class='ocrx_word' id='word_1_340' title='bbox 1209 3999 1273 4064; x_wconf 91' lang='lat' dir='ltr'>sibi</span> <span class='ocrx_word' id='word_1_341' title='bbox 1294 3999 1486 4084; x_wconf 87' lang='lat' dir='ltr'>sumpserat</span> 
     </span>
     <span class='ocr_line' id='line_1_36' title="bbox 180 4103 1484 4196; baseline -0.005 -21"><span class='ocrx_word' id='word_1_342' title='bbox 180 4175 184 4184; x_wconf 73' lang='grc'><strong>,</strong></span> <span class='ocrx_word' id='word_1_343' title='bbox 201 4113 302 4196; x_wconf 89' lang='lat' dir='ltr'>atque</span> <span class='ocrx_word' id='word_1_344' title='bbox 327 4108 499 4196; x_wconf 83' lang='lat' dir='ltr'>archetypi</span> <span class='ocrx_word' id='word_1_345' title='bbox 515 4108 713 4175; x_wconf 90' lang='lat' dir='ltr'>scholiorum</span> <span class='ocrx_word' id='word_1_346' title='bbox 729 4108 942 4192; x_wconf 87' lang='lat' dir='ltr'>vulgatorum</span> <span class='ocrx_word' id='word_1_347' title='bbox 957 4106 1118 4173; x_wconf 87' lang='lat' dir='ltr'>librarius.</span> <span class='ocrx_word' id='word_1_348' title='bbox 1153 4106 1363 4172; x_wconf 85' lang='lat' dir='ltr'>Postremum</span> <span class='ocrx_word' id='word_1_349' title='bbox 1378 4103 1484 4170; x_wconf 86' lang='lat' dir='ltr'>verba</span> 
     </span>
     <span class='ocr_line' id='line_1_37' title="bbox 200 4213 1483 4301; baseline -0.005 -20"><span class='ocrx_word' id='word_1_350' title='bbox 200 4219 260 4282; x_wconf 79' lang='grc' dir='ltr'>οὐκ</span> <span class='ocrx_word' id='word_1_351' title='bbox 277 4220 369 4301; x_wconf 80' lang='grc' dir='ltr'><em>ἔσται,</em></span> <span class='ocrx_word' id='word_1_352' title='bbox 393 4218 498 4301; x_wconf 82' lang='grc' dir='ltr'><em>φησίν,</em></span> <span class='ocrx_word' id='word_1_353' title='bbox 523 4218 611 4300; x_wconf 76' lang='grc' dir='ltr'><em>αὐτῷ</em></span> <span class='ocrx_word' id='word_1_354' title='bbox 626 4218 714 4300; x_wconf 87' lang='grc' dir='ltr'><em>χρεία</em></span> <span class='ocrx_word' id='word_1_355' title='bbox 730 4219 864 4300; x_wconf 84' lang='grc' dir='ltr'><em>χώσεως</em></span> <span class='ocrx_word' id='word_1_356' title='bbox 878 4216 982 4298; x_wconf 88' lang='grc' dir='ltr'><em>τάφου</em></span> <span class='ocrx_word' id='word_1_357' title='bbox 1001 4213 1037 4278; x_wconf 91' lang='lat' dir='ltr'>in</span> <span class='ocrx_word' id='word_1_358' title='bbox 1060 4213 1193 4279; x_wconf 86' lang='lat' dir='ltr'>scholiis</span> <span class='ocrx_word' id='word_1_359' title='bbox 1216 4214 1311 4278; x_wconf 88' lang='lat' dir='ltr'>ABT</span> <span class='ocrx_word' id='word_1_360' title='bbox 1329 4232 1397 4277; x_wconf 91' lang='lat' dir='ltr'>non</span> <span class='ocrx_word' id='word_1_361' title='bbox 1420 4230 1483 4276; x_wconf 87' lang='lat' dir='ltr'>suo</span> 
     </span>
     <span class='ocr_line' id='line_1_38' title="bbox 199 4317 1482 4408; baseline -0.005 -20"><span class='ocrx_word' id='word_1_362' title='bbox 199 4323 270 4390; x_wconf 91' lang='lat' dir='ltr'>loco</span> <span class='ocrx_word' id='word_1_363' title='bbox 296 4327 375 4388; x_wconf 89' lang='lat' dir='ltr'>sunt</span> <span class='ocrx_word' id='word_1_364' title='bbox 399 4323 537 4408; x_wconf 89' lang='lat' dir='ltr'>scripta;</span> <span class='ocrx_word' id='word_1_365' title='bbox 571 4344 650 4389; x_wconf 88' lang='lat' dir='ltr'>narn</span> <span class='ocrx_word' id='word_1_366' title='bbox 682 4325 716 4391; x_wconf 88' lang='lat' dir='ltr'>et</span> <span class='ocrx_word' id='word_1_367' title='bbox 747 4321 897 4389; x_wconf 88' lang='lat' dir='ltr'>scholion</span> <span class='ocrx_word' id='word_1_368' title='bbox 922 4321 1012 4405; x_wconf 87' lang='lat' dir='ltr'>Gen,</span> <span class='ocrx_word' id='word_1_369' title='bbox 1036 4320 1056 4386; x_wconf 89' lang='lat' dir='ltr'>i.</span> <span class='ocrx_word' id='word_1_370' title='bbox 1073 4342 1100 4387; x_wconf 91' lang='lat' dir='ltr'>e.</span> <span class='ocrx_word' id='word_1_371' title='bbox 1124 4320 1273 4387; x_wconf 90' lang='lat' dir='ltr'>scholion</span> <span class='ocrx_word' id='word_1_372' title='bbox 1295 4317 1482 4402; x_wconf 84' lang='lat' dir='ltr'>vulgatum,</span> 
     </span>
     <span class='ocr_line' id='line_1_39' title="bbox 199 4423 1482 4497; baseline -0.004 -3"><span class='ocrx_word' id='word_1_373' title='bbox 199 4429 284 4496; x_wconf 93' lang='lat' dir='ltr'>haec</span> <span class='ocrx_word' id='word_1_374' title='bbox 313 4451 383 4497; x_wconf 89' lang='lat' dir='ltr'>una</span> <span class='ocrx_word' id='word_1_375' title='bbox 413 4451 488 4496; x_wconf 91' lang='lat' dir='ltr'>cum</span> <span class='ocrx_word' id='word_1_376' title='bbox 512 4429 654 4496; x_wconf 80' lang='lat' dir='ltr'>Cratetis</span> <span class='ocrx_word' id='word_1_377' title='bbox 687 4429 837 4496; x_wconf 87' lang='lat' dir='ltr'>doctrina</span> <span class='ocrx_word' id='word_1_378' title='bbox 859 4449 927 4494; x_wconf 92' lang='lat' dir='ltr'>non</span> <span class='ocrx_word' id='word_1_379' title='bbox 952 4427 1089 4494; x_wconf 89' lang='lat' dir='ltr'>exhibet</span> <span class='ocrx_word' id='word_1_380' title='bbox 1113 4430 1149 4493; x_wconf 93' lang='lat' dir='ltr'>et</span> <span class='ocrx_word' id='word_1_381' title='bbox 1170 4428 1205 4493; x_wconf 92' lang='lat' dir='ltr'>in</span> <span class='ocrx_word' id='word_1_382' title='bbox 1229 4425 1353 4494; x_wconf 91' lang='lat' dir='ltr'>scholio</span> <span class='ocrx_word' id='word_1_383' title='bbox 1379 4423 1482 4490; x_wconf 85' lang='lat' dir='ltr'>Tillo</span> 
     </span>
     <span class='ocr_line' id='line_1_40' title="bbox 200 4531 1483 4621; baseline -0.004 -19"><span class='ocrx_word' id='word_1_384' title='bbox 200 4540 218 4601; x_wconf 88' lang='grc' dir='ltr'>ὁ</span> <span class='ocrx_word' id='word_1_385' title='bbox 245 4539 280 4602; x_wconf 77' lang='grc' dir='ltr'>δὲ</span> <span class='ocrx_word' id='word_1_386' title='bbox 307 4539 386 4621; x_wconf 82' lang='grc' dir='ltr'><em>λέγει</em></span> <span class='ocrx_word' id='word_1_387' title='bbox 417 4536 553 4603; x_wconf 84' lang='lat' dir='ltr'>alterius</span> <span class='ocrx_word' id='word_1_388' title='bbox 585 4536 758 4602; x_wconf 88' lang='lat' dir='ltr'>cuiusdam</span> <span class='ocrx_word' id='word_1_389' title='bbox 790 4535 970 4618; x_wconf 89' lang='lat' dir='ltr'>sententia,</span> <span class='ocrx_word' id='word_1_390' title='bbox 1002 4556 1070 4601; x_wconf 90' lang='lat' dir='ltr'>non</span> <span class='ocrx_word' id='word_1_391' title='bbox 1100 4533 1290 4616; x_wconf 87' lang='lat' dir='ltr'>Herodiani,</span> <span class='ocrx_word' id='word_1_392' title='bbox 1323 4531 1483 4615; x_wconf 60' lang='lat' dir='ltr'>allodum</span> 
     </span>
    </p>
   </div>
   <div class='ocr_carea' id='block_1_3' title="bbox 0 0 1688 5032">
    <p class='ocr_par' dir='ltr' id='par_1_5' title="bbox 0 0 1688 5032">
     <span class='ocr_line' id='line_1_41' title="bbox 0 0 1688 5032; baseline 0 4"><span class='ocrx_word' id='word_1_393' title='bbox 0 0 1688 5032; x_wconf 95' lang='lat' dir='ltr'> </span> 
     </span>
    </p>
   </div>
  </div>
 </body>
</html>
