3368 5032
801 309 1023 374 -3g..

225 478 227 481 ’
272 487 354 574 (cod.
378 487 445 575 ι’-)
469 488 533 552 ἀπὸ
556 495 612 552 τοῦ
636 491 712 552 ἱέναι
735 487 817 572 (cod.
841 491 906 570 ῑ-)
928 489 983 552 καὶ
1005 490 1139 571 πέμπειν
1161 490 1197 552 τὰ
1220 491 1307 572 βέλη,
1336 490 1371 553 et
1394 487 1444 554 Flt.
1469 487 1553 555 Gud.

274 617 298 660 c.
323 595 398 677 273,
418 593 478 659 44:
512 597 571 679 ι’ήιε
591 616 598 629 ·
620 598 705 679 ἰατρέ
725 617 739 652 ·.
753 596 808 659 ἐὰν
837 596 871 659 δὲ
900 597 1077 679 ὃασύνηται,
1110 597 1221 669 τοξότα
1251 596 1285 660 et
1312 595 1375 661 lex.
1399 594 1452 661 Ps.
1477 595 1552 661 Zon.

273 725 302 788 p.
322 701 423 768 1096:
452 704 531 786 ῖήιος
550 720 556 732 ·
576 703 729 785 τοξότης·
745 704 824 784 λέγει
847 702 901 766 τὸν
924 703 1108 767 Ἀπόλλωνα
1127 702 1274 786 Ὅμηρος
1294 723 1300 736 ·
1322 705 1400 786 υἰήιε
1428 704 1553 786 Φοῖβε.“

274 810 421 890 Quarum
442 807 623 874 lectionum
646 808 703 894 qui
726 807 850 873 fuerint
873 810 1027 874 auctores
1042 829 1177 894 prorsus
1196 807 1298 891 latet3
1322 811 1402 874 ante
1421 808 1553 894 Apollo-

273 918 366 981 nium
389 936 467 981 vero
491 919 634 1001 postque
657 915 888 980 Aristarchum
914 918 949 980 et
971 914 1140 980 Oratetem
1163 915 1308 980 vixerint
1331 936 1469 981 necesse
1494 919 1554 982 est.

273 1022 389 1108 Neque
414 1021 503 1087 enim
526 1022 755 1088 Aristarchum
781 1024 816 1086 et
835 1021 1003 1087 Oratetem
1026 1021 1116 1108 ipsos
1140 1023 1188 1087 sic
1211 1022 1382 1107 scripsisse
1405 1022 1478 1088 luce
1503 1025 1556 1088 est

274 1129 394 1197 clarius
427 1150 469 1195 ex
499 1127 680 1194 Herodiani
710 1128 821 1194 verbis
852 1128 918 1213 qui,
952 1129 980 1193 si
1009 1127 1057 1192 illi
1088 1128 1184 1193 aliter
1214 1131 1316 1215 atque
1343 1133 1391 1214 ἤιε
1419 1131 1480 1194 aut
1507 1133 1555 1213 ἤιε

274 1236 493 1321 scripsissent,
527 1234 646 1300 harum
676 1233 858 1300 lectionum
888 1235 1092 1300 mentionem
1122 1233 1233 1300 facere
1265 1234 1388 1321 debuit,
1421 1257 1497 1301 cum
1521 1237 1556 1301 et

273 1342 389 1426 regula
413 1341 452 1407 de
476 1368 496 1427 η
521 1340 634 1407 littera
657 1343 737 1408 ante
754 1341 905 1407 vocalem
920 1343 1096 1426 ψιλουμένῃ
1115 1345 1150 1407 et
1165 1363 1282 1407 norma
1297 1341 1356 1407 illa
1372 1342 1413 1407 de
1430 1342 1555 1408 vocalis

274 1478 284 1515 ι
312 1452 458 1534 ἀποβολῇ
485 1470 570 1535 quas
601 1449 774 1534 proposuit
804 1447 1015 1514 Herodianus
1046 1447 1089 1514 ad
1112 1447 1174 1513 has
1198 1448 1324 1514 formas
1357 1448 1445 1514 solas
1470 1471 1555 1534 qua-

274 1556 417 1622 drarent

380 1662 527 1749 Uterque
543 1663 644 1746 igitur
659 1663 896 1746 grammaticus
913 1666 988 1728 utro
1002 1662 1120 1748 spiritu
1130 1662 1331 1728 vocabulum
1345 1661 1556 1728 scribendum

275 1773 366 1836 esset
389 1783 431 1834 ex
455 1769 579 1852 origine
602 1770 694 1836 vocis
717 1768 890 1835 inauditae
913 1772 1016 1855 atque
1044 1769 1228 1835 inusitatae
1253 1770 1480 1836 demonstrare
1504 1773 1557 1834 est

275 1880 426 1962 conatus,
461 1897 536 1942 eum
567 1898 609 1942 ex
641 1877 814 1942 elementis
845 1875 977 1941 traditis
1009 1877 1096 1940 ΗΙΕ
1123 1876 1187 1942 hoo
1217 1875 1363 1960 intellegi
1395 1876 1555 1962 nequiret.

275 1984 482 2069 Quapropter
504 2005 562 2068 per
585 2005 620 2048 se
644 2005 753 2068 neque
769 1983 954 2048 Aristarchi
977 2004 1086 2069 neque
1103 1983 1247 2049 Cratetis
1273 1984 1436 2069 scriptura
1456 2004 1557 2068 quam

274 2095 294 2175 ἡ
318 2093 494 2174 παράδοσις
517 2093 634 2155 secuta
658 2096 710 2155 est
730 2088 913 2174 praevalet,
939 2088 998 2154 sed
1022 2089 1095 2154 aliis
1113 2111 1155 2155 ex
1170 2090 1270 2155 rebus
1286 2089 1374 2156 hanc
1390 2093 1451 2154 aut
1465 2090 1557 2154 illam

275 2200 479 2264 sententiam
503 2195 729 2282 accipiendam
761 2196 860 2262 debet
889 2197 1108 2262 demonstrari
1138 2196 1226 2282 quod
1248 2196 1461 2262 Aristarchus
1485 2198 1556 2281 ipse

276 2326 333 2390 pro
359 2326 422 2369 sua
445 2303 596 2369 doctrina
627 2307 662 2369 et
691 2324 748 2389 pro
774 2303 906 2369 Oratete
931 2303 1120 2369 Zenodotus
1143 2301 1284 2368 Mallote
1312 2303 1383 2369 eius
1407 2303 1557 2389 pertina-

276 2411 428 2477 cissimus
452 2410 566 2476 fautor
588 2414 759 2496 praestare
783 2409 1002 2476 studuerunt:
1034 2410 1072 2475 ci.
1102 2409 1202 2476 schol.
1226 2409 1346 2475 Veron.
1370 2409 1413 2474 ad
1436 2410 1557 2492 Vergil.

275 2521 357 2584 Aen.
388 2517 442 2603 Xl,
465 2518 581 2603 73811)
616 2516 824 2600 „Zenodotus
854 2518 889 2582 in
921 2538 959 2583 eo
992 2538 1090 2602 quem
1120 2516 1270 2581 inscribit
1309 2514 1558 2606 Π<αιη>ονίηνῆ

275 2623 517 2715 <histo>riam⁸)
548 2625 611 2689 sub
642 2626 776 2689 nomine
799 2623 978 2689 Naucratis
1008 2623 1091 2688 iacit
1115 2619 1313 2712 disser<ere)
1337 2623 1559 2689 Aristarchios

222 2727 226 2736 ’
277 2736 332 2820 qui
355 2735 479 2818 putant
509 2730 611 2798 alium
634 2730 831 2817 Paeeona,⁴)
863 2731 965 2796 alium
987 2730 1184 2816 Apollinem,
1217 2731 1288 2815 ipse
1320 2730 1462 2796 eundem
1496 2750 1558 2794 nec

278 2835 481 2928 diver<sum>
511 2837 625 2904 multis
658 2838 782 2905 docet.“
838 2838 929 2903 Idem
956 2859 1033 2906 vero
1064 2837 1128 2902 hac
1158 2837 1193 2901 in
1224 2859 1259 2902 re
1291 2859 1330 2902 ac
1353 2835 1559 2902 Zenodotum

276 2950 344 3012 iam
367 2946 535 3012 Oratetem
559 2943 710 3011 docuisse
734 2943 1018 3031 nondumpotest
1042 2944 1271 3010 demonstrari.
1306 2944 1343 3009 ld
1358 2964 1437 3009 vero
1461 2943 1560 3008 nobis

277 3053 441 3147 iudicibus
465 3056 592 3119 eertum
612 3056 664 3118 est
679 3055 757 3138 post
772 3051 956 3118 Aristarchi
971 3055 1131 3136 tempora,
1156 3050 1248 3116 haud
1264 3053 1313 3117 ita
1328 3051 1426 3134 longo
1442 3054 1559 3116 tamen

277 3160 453 3226 intervallo
477 3159 685 3244 interposite,
715 3159 922 3225 Zenodotum
945 3158 1118 3224 Mallotam
1141 3159 1284 3241 vixisse3
1314 3180 1395 3223 nam
1418 3159 1560 3244 primum

279 3267 412 3354 quidem
434 3265 554 3331 librum
576 3268 658 3349 πρὸς
680 3269 716 3330 τὰ
740 3269 795 3330 ὑπ’
813 3269 1019 3350 Ἀριστάρχου
1044 3268 1242 3348 ἀθετούμετοι
1261 3273 1317 3330 τοῦ
1333 3273 1465 3349 ποιητοῦ
1482 3286 1560 3329 eum

279 3375 449 3458 scripsisse
464 3374 535 3439 veri
558 3377 610 3438 est
634 3372 836 3440 simillimum
860 3372 911 3455 (ci.
930 3372 1104 3438 Susemihl.
1120 3372 1149 3436 ll
1166 3394 1195 3457 p.
1210 3372 1252 3437 14
1268 3394 1292 3437 c.
1305 3393 1336 3436 n.
1349 3372 1405 3452 833
1428 3371 1558 3454 Pusoh.‚

278 3481 355 3546 lm.
372 3501 397 3545 s.
421 3481 618 3566 p.152sq.);
642 3485 716 3546 tum
738 3481 773 3544 in
788 3480 972 3545 Aristarchi
996 3478 1142 3564 reliquiis
1166 3500 1334 3563 nusquam
1354 3479 1559 3561 nominatum

280 3588 422 3673 denique
453 3586 487 3651 in
518 3586 573 3652 illo
606 3586 735 3669 dialogo
760 3587 1001 3668 Aristarcheos,
1035 3587 1054 3651 i.
1079 3607 1105 3651 θ.
1138 3585 1316 3670 discipulos
1349 3588 1382 3649 et
1413 3584 1560 3649 asseclas

387 3767 405 3834 ¹)
426 3765 462 3819 cf.
478 3763 557 3828 Keil,
570 3763 630 3818 Val.
644 3764 726 3819 Prob.
745 3765 774 3818 in
787 3763 940 3832 Vergilium
954 3780 1033 3828 com,
1055 3763 1131 3827 1847,
1152 3780 1178 3832 p.
1194 3762 1245 3816 106
1256 3778 1297 3827 ο.;
1317 3762 1489 3826 Heumann,
1509 3760 1560 3815 Die

279 3855 380 3909 Veron.
391 3853 620 3923 Vergilscholien
638 3869 728 3923 progr.
741 3852 1014 3921 Donaueschingeu.,
1036 3851 1105 3906 1869
1118 3868 1166 3920 sq,
1186 3868 1212 3921 p.
1226 3850 1274 3916 31;
1297 3850 1413 3919 Hagen„
1433 3851 1559 3920 Append.

281 3944 357 3997 Serv.
370 3943 416 4008 ΙΙΙ,
430 3943 447 3995 2
460 3959 486 4013 p.
500 3941 561 4005 448,
572 3942 588 3996 5
599 3959 659 4012 sqq.
684 3942 836 3996 Praeterea
848 3941 956 4011 inspice
964 3940 1160 3995 Waehsmuth.
1180 3957 1206 4010 p.
1219 3938 1268 4006 28;
1288 3940 1399 4005 Pusch.¹
1419 3939 1484 3994 diss.
1497 3938 1561 3993 Hal.

279 4032 316 4085 Xl
336 4049 362 4101 p.
379 4032 430 4086 153
439 4049 481 4102 sq.

387 4120 407 4189 Ι)
427 4120 479 4187 Qui
498 4119 544 4174 hic
562 4120 699 4174 ionismus
719 4118 766 4190 qui
785 4120 814 4173 in
834 4120 931 4174 codice
951 4120 1035 4173 adest
1047 4120 1084 4173 sit
1097 4118 1280 4189 explicandus
1293 4119 1372 4183 latet,
1392 4133 1456 4175 cum
1468 4115 1561 4171 desint

281 4210 442 4278 fragmenta
461 4211 630 4264 verbotenus
649 4208 755 4262 tradita
774 4208 819 4274 (cf.
838 4208 925 4264 schol.
942 4213 967 4260 T
983 4208 1062 4263 Eust.
1082 4208 1119 4262 ad
1139 4211 1161 4258 0
1178 4207 1239 4262 262.

388 4300 407 4368 ³)
426 4299 470 4352 Ad
490 4299 564 4352 hanc
583 4296 821 4367 significationem
841 4298 877 4351 cf.
897 4314 920 4352 e.
940 4313 965 4366 g.
984 4297 1146 4352 Aristotelis
1163 4299 1217 4349 τῶν
1233 4300 1296 4366 περὶ
1313 4293 1348 4348 τὰ
1367 4295 1421 4360 ζῷα
1439 4289 1563 4364 ἱστοριῶν

281 4385 372 4457 βιβλία
391 4384 453 4440 δέκα
472 4405 546 4459 quae
564 4388 623 4458 ipse
643 4387 678 4442 de
697 4404 742 4442 an.
762 4389 833 4457 part.
853 4387 902 4449 Lo
921 4404 943 4442 s.
956 4387 976 4441 f.
996 4390 1142 4457 nuncupat
1161 4386 1255 4451 ζῳικὴν
1274 4381 1400 4453 ἱστορίαι.

388 4479 407 4546 4]
427 4478 496 4532 Cum
522 4477 557 4530 de
575 4477 722 4531 Homerico
748 4477 863 4530 deorum
888 4475 997 4530 medico
1023 4475 1077 4530 hoc
1102 4476 1130 4529 in
1154 4476 1224 4531 libro
1251 4479 1360 4544 agatur,
1388 4477 1463 4528 recte
1487 4472 1562 4544 quod

282 4567 418 4621 traditum
437 4570 482 4621 est
499 4567 630 4621 Paetona
648 4568 677 4620 in
696 4567 828 4620 Paeeona
847 4565 969 4620 mutavit
989 4563 1192 4619 Schneidewin.
1211 4565 1240 4618 in
1258 4562 1355 4634 philol.
1373 4562 1399 4616 ΙΙ
1417 4579 1444 4633 p.
1454 4561 1515 4617 764.
