3368 5032
734 240 956 350 -12-

204 466 269 530 ἀπὸ
303 473 358 530 τοῦ
389 467 507 549 βαίνειν
542 463 582 528 de
604 462 728 528 tuturo
763 466 856 548 βήσω
887 462 1037 544 intellegi
1066 483 1127 547 par
1158 464 1224 544 est3
1256 461 1345 548 quod
1375 463 1486 528 verbis

204 571 320 638 scholii
343 570 425 638 Gen.
442 571 456 635 Ι
472 571 515 636 ad
539 572 569 634 A
586 570 650 635 591
676 568 901 637 confirmatur.
936 568 1021 652 Ergo
1045 571 1185 655 uterque
1209 571 1325 634 auctor
1345 568 1487 634 eandem

203 679 326 765 profert
354 681 452 763 βηλός
482 677 574 743 vocis
598 676 860 760 originationem.
905 675 1057 762 Denique
1081 697 1134 741 res
1156 674 1264 742 forma
1288 675 1487 742 scholiorum

202 785 277 871 ipsa
310 784 523 871 profligatur:
560 784 682 850 scimus
714 784 801 848 enim
835 781 1062 849 Herodianum
1095 781 1200 848 solere
1233 803 1275 847 ex
1304 782 1487 848 multarum

203 893 448 959 sententiarum
479 913 564 978 quas
596 889 801 976 produxerat
831 890 930 955 turba
965 891 1024 954 uni
1058 892 1218 974 exceptae
1256 890 1359 955 verbo
1398 890 1487 976 quod

204 1000 306 1066 etiam
337 999 391 1064 hic
424 996 546 1081 legitur
580 1000 709 1082 ἄμεινον
744 996 908 1062 calculum
943 1017 1042 1062 suum
1075 996 1204 1062 adicere
1244 996 1296 1080 (cf.
1329 997 1441 1062 Lenta.
1473 997 1487 1061 Ι

202 1106 306 1191 praef.
344 1127 374 1191 p.
408 1103 592 1190 cxxvssl).
649 1104 734 1187 Ergo
773 1106 915 1190 utroque
953 1103 1026 1169 loco
1066 1103 1209 1169 Cratetis
1248 1104 1406 1169 memoria
1445 1125 1487 1169 ex

203 1211 386 1278 Herodiani
403 1213 522 1296 Ἰλιακῇ
545 1213 712 1296 προσῳδίᾳ
736 1213 872 1276 servata
896 1212 955 1277 est.

309 1336 445 1402 Praeter
475 1335 566 1402 locos
601 1356 685 1423 quos
716 1336 784 1401 iam
815 1335 990 1400 attulimus
1014 1334 1155 1400 Cratetis
1179 1337 1350 1401 sententia
1372 1338 1488 1401 exstat

201 1444 237 1508 in
262 1443 325 1510 lex,
350 1443 482 1526 Seguer.
506 1441 668 1527 (Bekker.‚
700 1439 762 1508 AG
785 1442 799 1506 I
821 1463 851 1528 p.
875 1442 950 1525 225,
965 1441 1035 1528 29);
1065 1444 1163 1527 platos
1187 1445 1205 1506 ὁ
1229 1444 1366 1527 οὐρανὸς
1387 1445 1486 1526 βαρυ-

200 1553 312 1622 τόνως.
345 1549 468 1616 Contra
492 1551 562 1615 stat
586 1549 770 1615 communis
794 1550 886 1615 vocis
903 1570 985 1614 usus
1002 1569 1100 1635 quem
1118 1549 1240 1614 scimus
1256 1548 1487 1614 Aristarchum

203 1661 356 1722 secutum
381 1677 454 1722 esse
487 1655 536 1742 (cf.
560 1656 650 1722 locos
673 1654 792 1721 Herod.
818 1676 919 1741 supra
942 1654 1011 1738 all.;
1042 1657 1103 1741 Ap.
1127 1652 1226 1740 Soph.
1249 1678 1280 1741 p.
1304 1657 1402 1738 51,15
1425 1655 1485 1743 B.):
1603 1663 1605 1666 ⁴

202 1764 260 1850 qui
290 1784 311 1828 a
334 1761 468 1828 cratete
500 1763 657 1828 dissentit
687 1762 741 1848 (cf.
765 1761 895 1828 Lehrs.2
917 1782 946 1847 p.
970 1763 1052 1845 2993
1084 1761 1327 1844 Wachsmuth.,
1355 1762 1375 1828 l.
1400 1783 1424 1828 s.
1449 1785 1483 1847 s,

202 1891 232 1956 p.
256 1869 312 1954 29)
343 1872 378 1935 et
409 1870 443 1934 in
477 1868 697 1955 explicatione
729 1872 764 1935 et
793 1870 828 1934 in
857 1871 998 1934 accentu
1021 1869 1113 1934 vocis
1136 1868 1326 1950 analogiam
1350 1874 1485 1934 secutus

201 1975 257 2063 (ci.
281 1975 451 2058 Ribbach,
482 1976 522 2041 de
553 1976 738 2041 Aristarchi
769 1975 995 2041 Samothraois
1027 1978 1098 2041 arte
1122 1975 1349 2059 grammatica,
1374 1975 1484 2059 Progr.

202 2082 260 2148 des
283 2082 480 2169 Domgymn.
510 2104 551 2148 zu
573 2083 778 2166 Naumburg
804 2082 891 2147 1883
915 2103 945 2167 p.
961 2083 1004 2146 20
1028 2082 1088 2168 sq.)
1109 2103 1225 2169 ,quam
1248 2081 1364 2148 Grates
1395 2105 1485 2150 more

201 2211 263 2255 suo
295 2210 362 2255 non
396 2189 535 2256 curavit.
582 2188 647 2254 Sed
679 2192 717 2255 ut
739 2189 839 2275 plane
866 2189 1030 2275 pleneque
1054 2209 1294 2272 cognoscamus
1318 2211 1485 2275 quaenam

201 2297 254 2362 vis
278 2295 490 2380 adsignanda
514 2297 557 2362 sit
580 2296 658 2363 huic
674 2295 875 2362 dissensioni
891 2295 1058 2361 Oratetem
1081 2296 1168 2361 inter
1192 2299 1226 2361 et
1245 2297 1484 2380 Aristarchum,

200 2401 301 2489 paulo
325 2402 427 2468 altius
452 2403 708 2489 exspatiandum
734 2405 801 2468 est:
826 2423 868 2467 ex
884 2402 1027 2468 Cratetis
1051 2404 1139 2468 enim
1163 2401 1203 2468 de
1226 2424 1308 2469 voce
1329 2405 1488 2470 ΒΗΛΟΣ

202 2511 373 2576 sententia
395 2511 547 2596 sequitur
568 2509 604 2574 in
628 2510 719 2576 caelo
744 2531 820 2576 eum
845 2508 1054 2576 contendisse
1080 2510 1216 2576 deorum
1239 2510 1484 2576 habitationem

202 2638 284 2682 esse.
332 2615 425 2696 Quod
458 2638 559 2703 quam
590 2617 687 2683 enixe
720 2620 923 2704 strenueque
954 2618 1182 2683 Aristarchum
1215 2638 1357 2701 negasse
1381 2621 1483 2705 atque

200 2724 416 2810 impugnasse
452 2724 607 2789 omnibus
641 2726 760 2789 notum
795 2727 898 2807 cst1):
933 2722 1114 2789 Homerum
1147 2725 1248 2807 igitur
1281 2727 1320 2790 ut
1354 2746 1484 2811 semper

201 2829 378 2917 Olympum
401 2836 551 2896 montem
576 2829 713 2896 deorum
737 2830 938 2896 domicilium
960 2831 1114 2896 finxisset
1136 2831 1186 2896 ita
1202 2832 1304 2896 etiam
1320 2833 1354 2897 in
1370 2835 1401 2896 A
1418 2831 1481 2897 591

201 2941 236 3004 et
263 2937 352 3003 023
378 2936 418 3002 de
443 2937 582 3025 Olympo
606 2943 719 3004 monte
743 2938 846 3004 verba
874 2937 991 3003 iecisse
1015 2935 1068 3024 (ct.
1093 2937 1193 3003 schol.
1216 2938 1362 3004 Ariston.
1385 2940 1416 3002 A
1440 2938 1483 3004 ad

200 3048 230 3110 A
255 3044 398 3127 59330
420 3045 472 3109 21.
496 3045 560 3131 23).
608 3045 734 3126 Quibus
759 3066 801 3110 ex
824 3047 944 3110 διπλῶν
967 3045 1055 3110 notis
1080 3045 1231 3131 sequitur
1252 3045 1482 3111 Aristarchum

201 3152 279 3218 olim
314 3151 457 3217 Cratetis
495 3151 584 3218 hano
619 3151 659 3218 de
693 3154 791 3236 βῆλος
826 3152 1029 3217 sententiam
1064 3151 1198 3217 assidue
1232 3153 1482 3240 impugnasse.²)

201 3258 342 3324 Cratetis
373 3278 453 3324 vero
487 3258 745 3344 explicationem
776 3260 868 3324 vocis
898 3260 997 3342 βῆλος
1027 3260 1099 3324 arte
1124 3279 1197 3324 esse
1222 3280 1384 3326 conexam
1407 3281 1483 3325 cum

200 3363 379 3447 allegorica
414 3363 558 3430 Cratetis
597 3364 748 3431 doctrina
786 3363 826 3430 de
862 3363 978 3430 mundi
1011 3364 1120 3430 forma
1154 3365 1243 3452 apud
1277 3365 1482 3432 Heraclitum

200 3471 436 3554 Allegoretam‚
461 3491 491 3556 p.
509 3471 552 3536 58
575 3470 683 3554 Mehl.,
709 3474 797 3537 recte
821 3471 906 3537 vidit
931 3470 1110 3556 Schrader,
1136 3472 1205 3553 Plo
1228 3494 1258 3558 p.
1283 3472 1356 3538 392.
1381 3473 1481 3539 Cuius

200 3576 345 3643 Cratetis
384 3578 547 3663 opinionis
586 3600 653 3665 qua
690 3577 855 3644 Homerus
899 3577 1088 3645 defendItur
1127 3583 1243 3646 contra
1283 3580 1482 3665 vituperium

199 3683 350 3750 Platonis
381 3684 570 3771 philosophi
600 3685 660 3772 (rei
689 3685 778 3771 publ.
802 3685 883 3770 Hp.
908 3685 1037 3768 3781))
1067 3685 1325 3752 fundamentum
1357 3686 1482 3752 Crateti

308 3915 326 3985 1)
347 3915 384 3971 ci.
403 3915 513 3971 Lehrs.²
538 3933 564 3986 p.
579 3916 631 3970 164
655 3933 715 3988 sqq.
735 3947 770 3955 -
790 3917 937 3984 Quomodo
963 3917 1018 3971 hac
1038 3916 1068 3970 in
1087 3933 1116 3970 re
1134 3916 1315 3971 iudicandum
1333 3918 1377 3983 sit,
1398 3919 1482 3973 docet

198 4005 319 4075 Berger„
339 4005 429 4076 Myth.
450 4005 675 4076 Kosmographie
695 4005 744 4059 der
761 4005 909 4070 Griechen‚
931 4005 1000 4060 1904
1018 4023 1044 4076 p.
1064 4006 1089 4061 6.

306 4094 325 4163 ²)
354 4094 459 4148 Multas
492 4095 648 4149 Aristarchi
675 4090 769 4150 διπλᾶς
796 4093 993 4166 ἀπεριστίκτους
1021 4112 1092 4167 quas
1118 4095 1294 4150 Aristonicus
1322 4097 1359 4150 ad
1385 4097 1482 4151 mundi

197 4182 319 4236 formam
344 4200 378 4238 ac
403 4186 535 4238 naturam
558 4188 686 4254 spectare
704 4183 823 4238 tradidit
841 4188 942 4239 contra
961 4184 1082 4238 Cratetis
1101 4185 1258 4240 sententias
1277 4186 1481 4255 cosmologicas

198 4269 318 4340 scriptas
331 4288 393 4326 esse
406 4272 463 4327 alio
477 4271 540 4327 loco
560 4273 779 4328 monstrabimus
798 4273 843 4343 (cl.
863 4290 887 4328 e.
907 4291 933 4343 g.
954 4291 1027 4344 quae
1047 4290 1081 4327 ex
1094 4274 1254 4328 Aristonico
1274 4278 1303 4329 et
1320 4275 1480 4330 Herodiano

199 4360 234 4428 [v.
254 4360 351 4414 Lenta.
371 4361 383 4414 I
402 4360 490 4431 praef.
509 4377 536 4431 p.
556 4362 673 4416 CLXIII.
692 4379 719 4434 p.
740 4362 799 4425 194,
809 4362 852 4430 29]
879 4363 1004 4416 servavIt
1022 4362 1120 4432 Steph.
1145 4363 1215 4433 Byz.
1244 4380 1265 4418 s.
1286 4380 1311 4418 v.
1335 4363 1479 4434 Τάρταρος,

199 4466 225 4519 p.
245 4448 299 4504 606
326 4449 408 4505 Mein.
438 4451 472 4505 de
500 4450 657 4513 ArIstarchi
685 4456 715 4506 et
741 4451 861 4506 Cratetis
889 4451 1006 4506 diversis
1034 4451 1068 4506 de
1093 4452 1203 4506 Tartari
1231 4452 1306 4523 apud
1330 4453 1480 4508 Homerum

198 4542 301 4593 natura
318 4539 472 4609 doctrinis).
