3368 5032
739 280 959 344 ,48-

209 458 304 523 class.
334 479 400 525 rev.
428 457 506 523 XIV
535 479 564 543 p.
593 459 645 540 17;
677 481 699 523 u
716 479 789 523 rum
819 458 956 524 fortuito
989 480 1106 523 versus
1138 458 1228 524 absh
1257 480 1363 526 necne
1394 461 1487 527 latet.

207 565 380 648 Legebant
404 586 480 630 eum
505 569 658 631 auctores
674 564 846 651 Porphyrii
870 563 913 630 ad
931 567 961 628 Ξ
972 564 1039 630 434
1062 564 1255 652 (Schrader,
1279 566 1349 647 Pro
1365 589 1395 653 p.
1415 568 1486 652 198,

208 672 237 737 6.
254 673 283 737 8.
303 671 343 736 14
359 671 441 758 sqq.)
466 675 501 738 et
524 671 748 752 Quintilianus
771 671 812 754 X,
833 671 927 753 1,46.
974 672 1094 738 Omisit
1117 694 1193 738 eum
1217 678 1333 740 auctor
1356 675 1487 740 Pausa·

207 780 283 844 niae
308 778 389 851 VIII,
408 779 461 860 38,
474 780 503 845 7.

314 883 398 965 Quid
429 907 508 950 vero
541 884 655 951 Orates
691 885 754 950 hoc
789 883 829 951 de
861 907 962 951 versu
994 887 1150 953 statuerit
1184 886 1414 969 cognoscimus
1446 909 1487 953 ex

207 991 307 1058 schol.
333 991 444 1058 Geml
468 991 511 1056 ad
538 994 568 1056 Φ
584 992 660 1058 195ε
684 994 814 1076 Κράτης
838 995 872 1058 δὲ
896 996 929 1058 ἒν
944 995 1039 1077 β’τῶν
1050 993 1239 1077 Ὁμηρικῶν
1256 996 1416 1080 ὄεικνύςβ)
1442 997 1487 1059 ὅτι

201 1099 353 1171 Ὠκεανὸς
376 1101 529 1183 ,Μεγάλη
559 1099 729 1165 Θάλασσω(
745 1120 752 1135 ·
768 1107 883 1174 υταῦτα
907 1102 976 1183 γάρ,
1000 1101 1131 1184 φησινλ)
1154 1102 1267 1185 μόνως
1282 1105 1321 1166 ἂν
1338 1103 1487 1185 ἁρμόττει

207 1208 345 1290 ῥηθῆναι
375 1209 447 1290 περὶ
476 1215 531 1290 τῆς
561 1207 650 1278 ἐκτὸς
680 1209 843 1290 θαλάσσης
874 1211 914 1290 ἣν
945 1210 986 1271 ἔτι
1016 1209 1070 1271 καὶ
1098 1214 1155 1272 νῦν
1179 1211 1210 1272 ol
1231 1209 1290 1291 μὲν
1313 1209 1487 1292 ,Μεγάλην

211 1313 402 1394 Θάλαττσν“,
435 1317 466 1377 οῖ
496 1314 531 1376 δὲ
560 1314 790 1387 ,,Ἂτλαντικὸν“
820 1315 1119 1397 προςαγορεύουσιν.
1165 1315 1309 1398 ποταμὸς
1338 1316 1372 1379 δὲ
1395 1322 1487 1386 ποῖος

205 1424 245 1485 ἂν
276 1421 402 1485 δύναιτο
432 1422 547 1503 ταύτην
578 1423 658 1503 ἔχειν
692 1417 808 1508 (siml)
841 1422 991 1504 ὃύναμιν;
1021 1423 1121 1485 καίτοι
1152 1424 1256 1504 γ’ἔνιοι
1291 1424 1486 1504 ἐξαιροῦντες

205 1527 259 1591 τὸν
289 1528 360 1610 περὶ
390 1535 446 1591 τοῦ
465 1527 619 1592 Ὠκεανοῦ
650 1530 754 1610 στίχον
784 1535 831 1610 τῷ
850 1528 999 1610 Ἀχελῴῳ
1029 1530 1221 1611 περιτιθέασι
1250 1536 1345 1593 ταῦτα
1370 1531 1406 1600 ὃς
1426 1531 1485 1612 οὐχ

208 1636 254 1697 ὅτι
276 1642 331 1717 τῆς
354 1636 517 1718 θαλάσσης
539 1635 664 1717 petam)
688 1637 774 1707 ἐστίν,
801 1635 878 1698 ἀλλὰ
902 1636 1042 1699 καὶτῶν
1058 1637 1091 1698 ἐν
1107 1637 1189 1718 αὐτῇ
1206 1636 1348 1716 κόλπων,
1372 1637 1484 1718 leym)

206 1742 245 1824 δὴ
272 1742 470 1824 Τυρρηνικοῦ
493 1742 547 1804 καὶ
566 1741 687 1806 Ἰονίου.
727 1739 819 1820 Quae
837 1761 916 1806 vero
933 1744 1120 1825 sequuntur
1136 1740 1176 1806 de
1193 1742 1335 1806 scientia
1349 1740 1485 1806 Homeri

205 1846 346 1933 physica
370 1868 412 1912 ex
432 1868 499 1932 qua
514 1847 685 1933 pendeant
700 1849 735 1912 et
749 1846 858 1932 Hippo
875 1849 910 1913 et
925 1846 1151 1934 Xenophanes
1167 1847 1297 1934 physici
1313 1847 1356 1912 ad
1372 1848 1486 1913 critica

205 1953 318 2019 studia
342 1975 409 2019 non
432 1954 609 2038 pertinent.

312 2060 392 2126 Tres
415 2061 561 2126 rationes
581 2063 725 2146 possunt
741 2061 922 2143 excogitari
938 2060 1059 2146 quibus
1076 2060 1219 2127 Oratetis
1235 2060 1318 2127 liber
1332 2061 1396 2127 hoc
1412 2061 1484 2127 loco

204 2165 306 2232 fuerit
337 2166 531 2252 dispositus:
562 2168 632 2233 Aut
656 2166 771 2233 Orates
795 2167 966 2233 Oceanum
999 2168 1087 2253 apud
1111 2168 1294 2233 Homerum
1324 2189 1483 2250 magnum

204 2294 295 2339 mare
320 2295 393 2339 esse
418 2272 661 2339 demonstravit
683 2274 718 2337 In
742 2273 963 2359 explicatione
987 2275 1030 2340 ad
1054 2274 1236 2360 quemlibet
1251 2274 1387 2340 Homeri
1405 2295 1483 2340 ver-

205 2401 279 2445 sum
310 2381 490 2466 adscripta3
522 2401 623 2465 quarn
654 2381 857 2446 senteutiam
885 2385 924 2446 ut
947 2402 989 2446 ex
1012 2380 1155 2446 Homero
1180 2381 1252 2468 ipso
1277 2383 1483 2464 argumentis

206 2486 349 2570 fulciret,
375 2487 457 2553 alios
481 2508 599 2553 versus
623 2486 754 2570 collegit
778 2509 819 2552 ex
843 2486 964 2573 quibus
988 2509 1075 2552 unus
1100 2490 1173 2553 erat
1200 2488 1230 2550 Φ
1256 2487 1327 2554 195.
1365 2488 1483 2573 Itaque

203 2593 257 2660 hic
287 2615 373 2680 quae
405 2593 445 2659 de
474 2595 504 2657 Φ
530 2595 591 2660 195
604 2615 673 2680 sqq.
698 2593 813 2659 Orates
845 2593 929 2659 dixit
960 2593 1033 2660 sola
1063 2615 1084 2658 a
1115 2593 1314 2659 scholiorum
1347 2599 1482 2660 auctore

204 2702 267 2767 hac
291 2723 333 2776 ex
349 2699 578 2786 disquisitione
595 2701 678 2766 satis
696 2701 807 2786 ampla
823 2701 990 2787 exscripta
1006 2703 1121 2786 suntfl)
1160 2703 1231 2766 Aut
1247 2701 1363 2767 Orates
1380 2702 1482 2766 etiam

204 2807 245 2873 ad
269 2807 359 2872 hunc
384 2828 516 2872 versum
536 2806 625 2893 quod
641 2807 720 2873 alibi
734 2807 815 2872 fecit
831 2809 882 2873 his
899 2808 1009 2873 verbis
1027 2807 1191 2873 iudicavit
1206 2807 1376 2873 Oceanum
1392 2807 1482 2894 apud

203 2914 383 2980 Homerum
413 2913 502 2979 idem
532 2913 645 2980 valere
675 2935 774 2999 posse
806 2935 846 2980 ac
868 2913 1028 2997 Magnum
1059 2935 1159 2999 mare,
1192 2935 1268 2979 cum
1299 2913 1372 2978 aliis
1401 2914 1481 2980 locis

204 3023 253 3103 (ci.
279 3043 305 3086 e.
330 3041 357 3104 g.
381 3005 613 3088 Wachsmuth.
637 3044 667 3107 p.
685 3021 727 3086 52
752 3020 842 3105 adp
868 3021 897 3107 l)
928 3021 1053 3086 flumen
1078 3019 1247 3086 Oceanum
1270 3020 1480 3086 Homericum

204 3150 278 3193 esse
310 3127 499 3195 affirmaret.
551 3129 621 3208 Quo
654 3128 867 3214 comprobato
900 3127 940 3193 de
971 3126 1109 3210 singulis
1142 3127 1297 3213 deinceps
1330 3127 1481 3193 versibus

203 3234 317 3300 Orates
340 3235 376 3300 in
396 3235 583 3320 Ὁμηρικῶν
606 3235 696 3301 libris
720 3234 891 3322 putandus
916 3237 968 3300 est
992 3235 1191 3320 disputasse.
1231 3233 1297 3299 Sed
1313 3234 1360 3299 sic
1375 3233 1481 3299 fuisse

117 3328 119 3330 ’
197 3343 360 3426 Ὁμηρικά
392 3342 556 3427 disposita
586 3342 696 3407 minus
728 3345 781 3407 est
810 3342 994 3427 probabile:
1025 3341 1167 3427 primum
1200 3341 1287 3406 euim
1312 3343 1347 3407 et
1370 3341 1480 3406 verbis

310 3557 328 3625 ¹)
349 3555 394 3610 Sic
414 3556 487 3620 cod.;
514 3555 589 3626 quod
615 3555 679 3609 olim
698 3554 904 3620 Wachsmuth.‚
929 3571 998 3608 mus¹
1018 3553 1108 3609 Rheu.
1128 3553 1214 3607 XLVI
1233 3571 1259 3624 p.
1279 3553 1333 3607 553
1358 3553 1482 3608 mutavit

203 3644 230 3697 in
250 3639 364 3707 δεικνύει,
385 3647 461 3698 recte
479 3645 604 3698 servavit
622 3644 716 3708 Diels,
736 3645 800 3713 Frg.
820 3645 845 3698 d.
865 3644 1028 3698 Vorsolrrat.
1046 3659 1073 3713 p.
1086 3643 1147 3710 235,
1157 3642 1183 3696 9.

310 3733 328 3801 2λ
349 3733 415 3788 Ood.
435 3749 484 3803 pro
504 3753 583 3801 φησιν
600 3733 689 3788 habet
708 3733 741 3784 dv
760 3733 835 3804 quod
854 3749 889 3786 ex
908 3752 987 3801 φησιν
1006 3733 1171 3802 compendIo
1189 3731 1293 3800 scripto
1306 3734 1405 3785 natum
1418 3747 1480 3785 esse

202 3822 436 3877 Wachsmuthius
454 3824 656 3878 benevolenter
672 3839 726 3876 uos
744 3823 847 3889 docuit,
867 3822 909 3876 ita
928 3828 959 3877 ut
978 3838 1052 3876 nuno
1071 3817 1167 3876 δεικνύς
1186 3822 1320 3874 servaret.

309 3913 328 3982 ³)
346 3909 395 3978 τὴν
407 3912 494 3966 edidit
507 3911 574 3975 Nic,
594 3912 731 3966 omittunt
744 3911 952 3976 Wachsmuth.‚
966 3913 1077 3973 Maass,
1097 3911 1143 3964 Ar.
1156 3925 1181 3977 p.
1198 3908 1255 3974 184,
1275 3909 1374 3974 Dtels;
1395 3924 1480 3980 quam

203 4016 301 4054 vocem
320 4017 383 4056 cum
402 4001 592 4056 necessariam
610 4001 783 4065 arbitremur,
804 4001 896 4055 denuo
915 4000 1058 4055 adicimus.

308 4090 327 4159 ⁴)
348 4090 415 4144 Ood.
434 4089 531 4158 μείζων
550 4090 632 4161 quod,
659 4089 794 4160 quoniam
818 4106 931 4144 sensum
955 4088 1073 4159 praebet
1094 4087 1272 4152 contrarium,
1299 4086 1353 4142 iam
1371 4086 1431 4141 Nic.
1450 4087 1480 4140 iu

201 4179 282 4247 potor
299 4179 428 4234 correxit.

308 4268 327 4336 ll
349 4269 416 4323 Ood.
434 4265 501 4336 λέχει
521 4267 595 4338 quod
614 4267 671 4321 iam
688 4267 747 4322 Nic.
766 4267 794 4321 in
812 4263 878 4336 λέγω
898 4266 1019 4320 mutavIt
1037 4268 1122 4321 recte.

309 4358 327 4426 θ)
347 4357 411 4411 Pari
430 4361 515 4411 modo
534 4349 710 4410 Aristonicus
729 4372 764 4410 ex
776 4355 931 4411 Aristarchi
951 4354 1025 4409 libris
1044 4355 1092 4409 ubi
1111 4354 1271 4409 sentcntiae
1289 4353 1417 4424 prolatae
1436 4370 1480 4408 ar·

201 4447 343 4517 gumentis
363 4461 397 4500 ex
410 4446 530 4500 Homero
543 4446 639 4516 petitis
652 4447 734 4499 erant
745 4445 888 4500 stabIIItae
899 4444 1072 4513 singulorum
1084 4461 1218 4500 versuum
1231 4444 1316 4514 signis
1330 4443 1480 4513 adscripsit

202 4535 425 4606 explanationes.
472 4553 474 4556 ⁴
