3368 5032
752 288 973 352 „40ss

329 462 440 528 Lectio
465 485 543 530 vero
567 465 708 549 vulgata
739 466 802 530 etsi
833 465 915 530 item
946 468 1048 551 atque
1074 465 1188 532 Grates
1212 466 1319 532 voluit
1350 468 1502 553 spiritum

221 567 330 634 lenem
346 570 494 656 praebet,
512 575 628 638 tamen
652 573 785 638 minime
803 571 971 637 censenda
987 576 1039 638 est
1054 575 1187 659 propter
1201 573 1302 639 huius
1318 574 1503 640 doctrinam

222 677 296 740 orta
319 696 403 760 esse,
429 675 488 742 sed
512 678 555 743 ad
579 679 790 745 scribendum
814 683 861 762 ἤιε
884 678 1008 744 librarii
1032 701 1149 745 norma
1172 702 1272 767 quam
1292 680 1502 751 Herodianus

220 783 392 868 proposuit
427 787 507 849 sunt
542 784 685 852 adducti.
751 786 831 851 Cum
866 806 930 871 quo
965 786 1067 852 etiem
1102 787 1198 852 nobis
1230 790 1371 873 utraque
1402 788 1501 854 huius

221 890 425 980 cognominis
449 891 651 977 etymologia
674 892 861 979 spernenda
885 895 946 974 est,
970 914 1044 958 cum
1069 914 1282 979 nequaquam
1308 898 1434 960 certum
1458 896 1503 961 sit

221 994 310 1081 quod
333 994 466 1083 quidem
490 997 700 1064 Herodianus
733 1000 859 1079 accepit
881 1019 999 1064 vocem
1022 1000 1142 1065 ΗΙΟΣ
1171 1022 1213 1065 ex
1244 1000 1342 1066 solito
1366 1003 1505 1068 ΙΗΙΟΣ

220 1106 338 1168 natam
362 1125 437 1169 esse
461 1102 513 1190 (ci.
537 1105 636 1189 Leai..
662 1106 711 1171 ed.
727 1105 779 1170 Il.2
791 1107 819 1171 11
835 1127 864 1190 p.
880 1106 963 1188 128).
987 1105 1133 1193 Uterque
1149 1108 1249 1190 igitur
1264 1109 1501 1191 grammaticus

220 1210 340 1276 hocin
363 1210 546 1296 veriloquio
571 1213 695 1278 erravit
719 1216 753 1278 et
776 1212 989 1279 Aristarchus
1014 1215 1049 1277 et
1073 1213 1196 1279 Crates

594 1513 1016 1597 FRAGMENTUM
1044 1516 1132 1596 Vlll

326 1675 363 1773 ln
382 1670 571 1758 Ὁπλοποιίᾳ
602 1677 840 1740 enumerantur
872 1674 980 1741 sidera
1010 1674 1074 1740 illis
1097 1675 1301 1761 temporibus
1326 1676 1501 1743 notissima

218 1780 254 1846 in
278 1780 414 1848 Achillis
439 1785 533 1847 scuto
558 1781 723 1866 descripta
745 1783 778 1844 Σ
797 1781 879 1847 486;

431 1926 598 2009 Πληϊάδας
620 1927 654 1989 d’
674 1925 796 1996 Ὑάδας
817 1951 850 1988 τε
872 1926 907 1988 τό
930 1950 961 1989 τε
985 1926 1100 1995 σθένος
1116 1925 1273 2008 Ὠρίωνος

424 2033 562 2114 Ἄρκτον
584 2034 619 2097 θ’
645 2036 685 2116 ἢν
707 2033 761 2095 καὶ
778 2034 925 2115 Ἅμαξαν
948 2032 1107 2115 ἐπίκλησιν
1129 2034 1296 2097 καλέουσιν

432 2142 453 2223 ἤ
475 2142 497 2202 τ’
524 2142 621 2203 αὐτοῦ
645 2142 807 2222 στρέφεται
829 2142 885 2202 καί
905 2146 931 2200 τ’
951 2138 1092 2220 Ὠρίωνα
1116 2140 1249 2214 δοκεύει,

433 2250 482 2330 οἴη
508 2248 537 2310 δ’
564 2247 713 2329 ἄμμορός
736 2248 797 2310 ἐστι
820 2247 958 2328 λοετρῶν
979 2245 1150 2310 Ὠκεανοῖο.

220 2387 346 2467 Quibus
378 2408 420 2452 ex
447 2387 599 2454 versibus
622 2387 752 2473 487189
783 2389 942 2462 οὐτολεξεί
969 2387 1109 2472 repetiti·
1134 2390 1215 2452 sunt
1244 2388 1279 2451 in
1310 2413 1325 2452 ε
1349 2387 1413 2467 273
1430 2409 1499 2473 sqq.

218 2495 290 2559 Hoc
313 2515 392 2559 vero
416 2493 488 2559 loco
511 2493 609 2558 nobis
633 2493 724 2559 solus
749 2493 839 2559 cordi
863 2497 915 2558 est
938 2514 1055 2558 versus
1079 2495 1113 2557 Σ
1125 2493 1191 2560 489
1207 2525 1250 2548 --
1266 2520 1281 2558 ε
1297 2494 1376 2578 275;
1401 2515 1500 2580 quem

219 2603 266 2667 sic
289 2604 328 2667 ut
351 2622 452 2687 supra
476 2601 663 2687 exscriptus
688 2604 741 2666 est
765 2622 880 2667 omnes
908 2600 1071 2686 praebent
1094 2601 1205 2667 Iliadis
1230 2600 1321 2666 codd.
1346 2599 1457 2666 adhuc
1479 2623 1500 2666 a

219 2708 325 2774 doctis
348 2707 428 2773 viris
451 2707 609 2794 inspecti3
632 2709 667 2773 in
689 2708 810 2794 quibus
832 2711 884 2774 est
898 2707 1135 2794 palimpsestus
1152 2706 1309 2794 Syriacus
1326 2707 1499 2774 Curetonis

219 2835 303 2880 saec.
320 2815 374 2880 Vl.
399 2818 501 2901 atque
525 2836 599 2901 pap.
615 2815 761 2880 Harrisl
785 2836 814 2880 a.
832 2815 903 2880 Chr.
927 2836 958 2879 11.
983 2809 1069 2880 saec.
1091 2813 1144 2899 (cf.
1158 2813 1404 2895 Wattenbach.,
1429 2816 1499 2879 An-

217 2921 345 3005 leitung
375 2944 399 2989 z.
423 2942 468 3003 gr.
493 2922 578 2987 pair
600 2922 718 3009 p.12);
751 2922 845 2988 cuius
877 2924 992 2986 tamen
1023 2921 1121 3003 signa
1151 2920 1194 2985 ab
1230 2922 1286 2987 alt.
1321 2942 1362 2986 m.
1394 2921 1498 2986 multo

217 3028 408 3095 recentiore
423 3032 504 3093 sunt
527 3027 694 3115 adscripta
717 3027 769 3114 (cf.
794 3027 977 3112 Gatalogue
1001 3027 1036 3094 of
1059 3048 1130 3095 anc.
1153 3049 1231 3093 mss.
1255 3027 1290 3093 in
1310 3027 1388 3093 Brit.
1404 3027 1497 3110 Mus,

217 3135 332 3221 parti
362 3156 436 3220 pap.
462 3134 566 3223 nvn).
612 3135 704 3201 ldem
738 3135 891 3218 legerunt
921 3134 1123 3221 Porphyrius
1151 3134 1233 3221 (Plo
1261 3157 1291 3220 p.
1312 3135 1387 3219 226,
1401 3135 1435 3222 c)
1466 3138 1500 3200 et

217 3241 425 3325 Aristoteles,
450 3245 536 3327 poet.
553 3242 606 3325 25,
627 3242 708 3308 1461
733 3265 752 3309 a
769 3242 821 3308 20.
851 3241 901 3307 Ex
917 3241 1080 3327 Odyssiae
1094 3263 1172 3307 vero
1191 3240 1358 3307 codicibus
1377 3263 1498 3308 secun-

218 3347 297 3414 dum
332 3348 501 3416 Ludwich.
534 3349 582 3414 ed.
614 3348 686 3435 Od.‚
723 3349 817 3434 1889,
848 3370 878 3434 p.
910 3349 971 3414 117
1001 3349 1162 3414 exhibent
1192 3349 1261 3414 cod.
1290 3348 1430 3415 Vindob.
1456 3350 1498 3413 56

218 3476 304 3520 saec.
324 3455 395 3521 XV.
413 3459 449 3522 et
476 3460 556 3522 ante
588 3458 809 3522 correcturam
838 3457 940 3521 etiam
968 3455 1075 3522 Palat.
1106 3454 1313 3537 Heidelberg.
1337 3455 1380 3520 45
1409 3475 1497 3519 anno

220 3561 302 3627 1201
329 3562 471 3648 scriptus
495 3567 532 3647 ἥ,
564 3585 647 3648 quos
680 3567 751 3628 arte
782 3563 869 3628 inter
900 3584 936 3628 se
968 3584 1041 3629 esse
1073 3563 1295 3628 conectendos
1318 3560 1497 3645 Ludwich.,

217 3667 236 3734 1.
253 3690 294 3734 m.
312 3691 336 3735 s,
360 3691 389 3754 p.
406 3669 482 3735 XIV
504 3674 539 3736 et
561 3669 737 3738 Leeuwen.
762 3673 797 3736 et
820 3669 863 3736 da
886 3670 1006 3752 Costa,
1036 3671 1085 3736 ed.
1110 3669 1178 3752 Od,
1214 3669 1309 3750 1890,
1343 3691 1373 3754 p.
1396 3668 1427 3731 X
1451 3691 1497 3755 sq.

218 3775 414 3859 docuerunt3
428 3779 599 3863 quaeritur
614 3781 738 3862 autem,
754 3799 834 3842 num
852 3778 935 3842 haec
950 3776 1048 3843 lectio
1064 3777 1132 3842 iam
1148 3779 1227 3841 ante
1244 3775 1415 3841 saeculum
1429 3775 1498 3841 XII.

216 3883 358 3949 inveniri
384 3885 499 3969 possit.
538 3926 540 3928 -

324 3990 439 4057 Grates
463 3981 542 4057 vcro
574 4012 650 4056 cum
673 3991 854 4056 Homerum
885 3993 1113 4057 astronomum
1142 3989 1247 4055 fuisse
1278 3989 1398 4054 acriter
1421 4010 1497 4055 con-

216 4097 371 4164 tenderet
393 4097 446 4184 (cf.
459 4097 692 4165 Wachsmuth.
708 4120 738 4184 p.
754 4096 815 4181 40;
838 4097 968 4180 Maesa,
993 4099 1084 4164 Arat.
1099 4117 1129 4182 p.
1146 4097 1221 4181 188;
1246 4095 1319 4162 AIR
1335 4119 1364 4183 p.
1378 4097 1420 4161 29
1430 4096 1496 4182 sq),

216 4205 252 4271 in
276 4226 314 4271 eo
339 4204 453 4271 debuit
485 4204 666 4288 offendere,
698 4204 788 4291 quod
811 4206 974 4271 Homerus
1005 4225 1116 4270 ursam
1150 4203 1286 4270 solam
1315 4204 1350 4268 in
1375 4202 1498 4269 Oceani

216 4311 343 4377 fluctus
366 4332 551 4396 numquam
574 4314 677 4396 mergi
698 4312 855 4379 finxerat.
902 4312 1009 4391 Quam
1033 4311 1253 4377 offensionem
1278 4331 1346 4396 qua
1368 4311 1496 4376 ratione

216 4417 332 4482 tollere
350 4416 516 4483 studuerit
540 4426 747 4486 monstratur
763 4420 873 4485 verbis
891 4417 1057 4504 Apollonii
1077 4417 1254 4504 Sophistae
1271 4440 1331 4484 av.
1349 4420 1498 4500 ἄμμορος
1582 4481 1584 4486 .

216 4545 246 4609 p.
263 4523 316 4606 29,
333 4523 417 4591 14Β.
434 4524 485 4608 (cf.
499 4525 731 4592 Wechsmutb.
748 4547 777 4612 p.
789 4525 849 4608 463
869 4525 1001 4596 Maass..
1019 4525 1259 4613 Arat.p.189):
1284 4528 1302 4589 ὁ
1319 4526 1353 4590 δὲ
1368 4525 1498 4608 Κράτης
