3368 5032
752 295 974 362 --75-

218 477 331 540 utrum
361 474 446 540 haec
475 474 658 540 Aristarchi
691 475 895 560 oppugnatio
928 474 971 539 sit
996 472 1215 556 Hermogenis
1246 475 1300 540 vel
1324 434 1501 558 Pisistrati,

218 581 364 647 auctoris
388 582 470 663 eiua
504 602 548 645 an
572 580 615 646 ab
640 580 688 646 eis
711 582 751 646 ut
773 582 849 646 tota
872 580 1024 646 doctrina
1047 600 1089 645 ex
1113 579 1255 647 Cratetis
1281 584 1504 665 ὁιορθωτικῶν

218 687 300 753 libro
318 689 514 773 deprompta
530 687 582 753 sit.
617 687 667 752 Ex
683 686 859 752 verborum
876 706 956 751 vero
973 685 1082 752 forma
1097 707 1137 752 ac
1152 689 1288 753 notione
1305 692 1504 772 argumenta

218 793 325 877 colligi
356 796 536 880 nequeunt.
591 792 658 859 Sed
689 795 816 860 certum
846 792 880 857 id
911 796 964 858 θεῖ
995 813 1072 857 eum
1103 794 1159 878 qui
1182 793 1301 860 horum
1324 795 1503 861 verborum

218 904 336 968 auctor
358 903 412 967 est
434 906 514 967 ante
532 900 645 967 oculos
661 900 820 966 habuisse
837 900 947 966 locum
963 920 1028 986 quo
1046 899 1086 964 de
1103 903 1272 967 sententia
1289 901 1504 968 Aristarchea

217 1008 326 1074 fusius
358 1011 472 1073 actum
500 1011 607 1092 esset;
638 1008 725 1093 quod
759 1008 967 1093 suspicamur
998 1029 1039 1072 ex
1071 1007 1188 1074 scholii
1215 1006 1299 1075 Gen.
1325 1014 1503 1076 verborum

217 1115 292 1201 ipsa
325 1114 434 1180 forma
468 1118 503 1180 et
538 1136 580 1180 ex
612 1114 827 1180 multitudino
861 1114 1136 1181 testimoniorum
1163 1135 1250 1201 quae
1285 1115 1391 1181 allata
1414 1121 1502 1182 sunt.

219 1221 338 1288 Utrum
354 1243 433 1288 vero
457 1222 546 1307 apud
570 1221 659 1288 hunc
675 1220 925 1287 Aristarcheum
947 1221 1202 1316 grammaticum
1224 1222 1367 1289 Cratetis
1392 1222 1502 1308 opinio

216 1329 316 1395 luerit
346 1327 495 1394 refutata
525 1349 630 1394 necne
663 1327 778 1414 dispici
810 1328 936 1414 nequit.
989 1327 1108 1393 Mirum
1132 1329 1248 1394 autem
1272 1329 1305 1396 id
1329 1333 1389 1408 est,
1413 1328 1503 1415 quod

216 1435 271 1502 ille
295 1438 412 1501 auctor
427 1438 462 1500 et
477 1439 566 1520 κνίση
584 1439 620 1500 et
634 1438 745 1519 κνίσην
764 1435 946 1521 scripturas
970 1434 1104 1500 omnino
1122 1456 1190 1500 non
1205 1436 1341 1501 novisse
1356 1436 1502 1519 videtum

217 1547 451 1627 argumentum
476 1543 564 1608 enim
587 1565 652 1629 quo
677 1542 771 1608 nisus
787 1542 1036 1609 Aristarcheam
1059 1541 1222 1608 refutavit
1245 1543 1503 1628 explicationem

216 1650 280 1716 illis
304 1650 503 1716 lectionibus
528 1650 669 1732 cognitis
693 1653 783 1715 stare
806 1670 875 1715 non
898 1652 1019 1736 potest.
1071 1649 1253 1716 Oensemus
1277 1653 1401 1733 antem,
1426 1670 1502 1715 curn

217 1779 259 1824 ex
284 1755 393 1823 codice
417 1777 478 1823 suo
503 1778 607 1822 unum
624 1757 776 1823 novisset
791 1760 892 1840 κνίσῃ,
917 1755 1059 1822 aliarum
1074 1756 1256 1822 lectionum
1273 1777 1350 1822 eum
1367 1757 1501 1822 omnino

217 1864 375 1931 habuisse
405 1863 533 1930 nullam
564 1865 737 1930 rationem.
792 1865 904 1950 Atque
936 1864 999 1930 hoc
1028 1864 1239 1948 potissimum
1266 1884 1335 1928 non
1359 1863 1458 1929 abest
1481 1885 1502 1928 a

217 1971 361 2038 Cratetis
384 1971 530 2054 ratione;
566 1969 625 2037 sed
655 1972 725 2037 iure
758 1971 878 2036 dixerit
908 1971 982 2057 quis
1013 1969 1102 2036 hanc
1132 1971 1297 2036 rationem
1327 1970 1431 2036 etiam
1458 1970 1502 2036 ad
1593 1993 1595 1999 ’

217 2079 347 2144 serioris
379 2078 503 2144 aetatis
534 2081 688 2143 auctores
719 2078 882 2164 quadrare
907 2077 1030 2163 optime
1055 2077 1111 2162 qui
1135 2077 1264 2143 codices
1287 2097 1501 2163 nequaquam

216 2184 278 2250 tali
300 2183 466 2250 industria
490 2184 636 2271 undique
660 2184 916 2271 comportabant
943 2187 1045 2270 atque
1069 2184 1293 2270 inspiciebant
1315 2183 1406 2270 quali
1429 2187 1502 2249 erat

216 2291 429 2358 Aristarchus
460 2291 516 2358 vel
549 2291 651 2358 etiam
675 2290 843 2358 Seleucus,
901 2291 1040 2370 Qualem
1064 2290 1269 2356 sententiam
1292 2289 1326 2356 id
1350 2290 1499 2374 adiuvat,

217 2397 303 2485 quod
334 2398 464 2464 facilius
495 2397 699 2481 intellegitur
730 2401 901 2465 auctorem
932 2398 1063 2464 serioris
1094 2397 1228 2483 aetatis,
1260 2419 1336 2463 cum
1367 2397 1407 2462 de
1437 2396 1502 2462 hcc

215 2507 412 2589 μελδόμενος
436 2506 513 2587 egit,
537 2505 600 2571 hoc
624 2504 857 2572 tantummodo
873 2505 1013 2570 verbum
1036 2504 1221 2590 explicasse
1240 2525 1349 2590 neque
1365 2505 1500 2570 omnino

215 2611 307 2677 vocis
330 2614 420 2696 κνίση
445 2612 649 2678 mentionem
672 2612 826 2678 iniecisse
857 2633 959 2698 quam
988 2610 1130 2677 creditur
1153 2611 1321 2677 Gratelem
1351 2614 1424 2676 tam
1446 2611 1500 2676 in-

215 2719 353 2785 feliciter
387 2740 556 2805 pugnasse
592 2723 708 2785 contra
743 2720 926 2785 doctrinam
961 2717 1153 2785 Aristarchi.
1211 2716 1277 2783 Sed
1299 2719 1334 2783 in
1362 2739 1397 2783 re
1428 2719 1500 2783 tam

215 2824 342 2892 lubrica
373 2847 412 2891 ac
444 2825 546 2891 dubia
576 2826 679 2892 latius
710 2826 859 2912 progredi
893 2825 1057 2891 nolumus.
1107 2825 1177 2890 Nos
1200 2845 1279 2890 vero
1303 2823 1400 2890 nobis
1423 2845 1502 2910 per-

216 2932 385 2998 suasimus
420 2934 596 3019 praecipue
630 2937 764 3019 propter
802 2932 891 2998 hanc
927 2931 1020 2998 haud
1053 2931 1182 2998 felicem
1217 2932 1500 3017 oppugnationem

215 3039 449 3106 Aristarcheae
485 3040 655 3105 doctrinae
689 3039 773 3105 haec
807 3039 911 3105 verba
949 3061 1032 3105 non
1068 3038 1221 3117 Cratetis
1261 3036 1321 3103 sed
1355 3036 1500 3102 Oratetei

217 3146 390 3211 cuiusdam
407 3167 480 3212 esse
497 3145 657 3229 asseclae,
674 3147 746 3212 sive
762 3151 880 3212 auctor
896 3150 969 3212 erat
980 3146 1176 3212 Pisistratus
1188 3146 1259 3211 sive
1272 3145 1500 3226 Hermogenes

216 3253 288 3318 sive
312 3254 549 3336 grammaticus
572 3254 625 3319 his
649 3253 817 3340 antiquior
840 3253 897 3339 qui
920 3253 1030 3319 adhuc
1045 3253 1182 3336 ignotus
1198 3256 1259 3317 est.
1293 3252 1501 3336 Quapropter

215 3360 278 3425 hoc
309 3359 380 3426 loco
419 3380 488 3425 non
527 3359 734 3447 impedimur,
774 3359 952 3447 quominus
992 3363 1185 3425 statuamus
1217 3358 1386 3425 Gratetem
1419 3361 1499 3423 ante

215 3467 446 3532 Aristarchum
481 3466 594 3532 studia
624 3466 801 3533 Homerica
832 3466 963 3532 subisse
994 3465 1082 3552 quod
1121 3465 1339 3532 confirmatur
1369 3466 1403 3529 et
1434 3463 1498 3529 illis

216 3576 336 3639 διπλῶν
359 3574 463 3656 signis
487 3594 573 3659 quae
598 3579 714 3639 contra
737 3573 905 3639 Oratetem
925 3572 1138 3638 Aristarchus
1153 3573 1307 3638 versibus
1323 3570 1500 3656 adscripsit
1599 3586 1601 3590 ⁴

216 3680 259 3746 ab
282 3680 470 3747 Aristonico
493 3684 614 3767 postea
637 3680 803 3765 explicata
815 3683 839 3765 1)
872 3683 906 3746 et
937 3679 1069 3746 silentio
1098 3701 1164 3766 quo
1189 3679 1304 3744 Crates
1328 3678 1500 3763 praeteriit

158 3767 178 3901 p
215 3808 301 3872 qnae
326 3787 539 3854 Aristarchus
564 3788 605 3853 de
628 3808 728 3853 versu
756 3789 786 3852 Φ
812 3787 874 3853 195
898 3786 1028 3853 dixerat
1052 3785 1105 3872 (cf.
1130 3807 1232 3872 supra
1255 3808 1284 3871 p.
1300 3785 1425 3871 49sq.).

584 4038 616 4118 F
623 4036 1011 4120 RAGMENTUM
1037 4033 1128 4115 XlV

321 4179 359 4244 ln
382 4200 482 4244 versu
510 4181 540 4244 Φ
563 4181 628 4246 558
651 4183 762 4264 φεύγω
785 4180 870 4263 πρὸς
891 4181 1002 4243 πεδίον
1020 4179 1132 4261 Ἰλήιον
1163 4197 1263 4262 quem
1290 4175 1417 4242 codices
1441 4173 1499 4240 alii

215 4307 331 4353 omnes
354 4287 401 4352 sic
424 4287 588 4372 praebent
611 4286 748 4352 exhibet
769 4307 858 4351 unus
877 4287 992 4369 Ἴὸήϊσν
1008 4287 1047 4350 ut
1063 4283 1175 4351 docuit
1191 4305 1252 4350 nos
1268 4283 1384 4365 Allen.,
1401 4282 1497 4348 class.

323 4467 341 4534 ¹)
360 4465 541 4520 Aristarchus
566 4465 687 4520 Cratetis
715 4464 750 4519 de
773 4466 799 4516 Φ
816 4465 869 4518 363
898 4462 1069 4517 sententiam
1096 4463 1156 4534 ipse
1183 4463 1240 4516 iam
1258 4461 1390 4516 refutarit
1408 4476 1498 4515 necne
1577 4460 1579 4465 '

215 4553 401 4608 demonstrari
419 4555 530 4626 nequit;
549 4554 617 4608 illud
636 4556 733 4608 tamen
751 4556 796 4609 est
814 4551 996 4624 probabilius.
