3368 5032
729 283 953 349 -43-

79 512 82 520 .
200 465 377 531 statuerat.
431 461 496 528 Sed
531 460 606 549 quis
639 462 693 528 hic
729 464 846 528 auctor
879 461 1053 528 Strabonis
1089 463 1133 528 sit
1163 483 1272 548 neque
1304 483 1346 528 ex
1376 461 1482 548 priore

199 590 308 656 neque
340 591 383 636 ex
413 569 520 635 altera
551 569 750 655 paragraphi
773 571 868 655 parte
893 569 1034 655 adparat
1059 590 1163 654 quam*
1183 571 1318 655 propter
1341 568 1483 634 eandem

200 681 318 760 ἄρκτου
343 676 618 759 significationem
641 676 852 761 potissimum
870 675 990 742 Strabo
1015 696 1057 741 ex
1081 674 1197 741 eodem
1213 678 1349 741 auctora
1366 697 1482 762 sump-

201 785 281 849 serit
313 804 450 849 neoesse
482 785 570 864 est1)
616 781 651 847 ld
683 781 815 868 quidem
844 784 897 848 est
920 785 1046 848 certum
1069 782 1159 847 hunc
1182 781 1482 863 auctorem-,multo

199 890 307 973 magis
339 911 439 975 quam
471 889 587 955 Grates
619 889 697 954 olim
728 888 807 955 fecit
834 889 1014 955 Homerum
1044 888 1204 955 habuisse
1236 888 1482 975 polyhistorem.

199 995 315 1083 Neque
328 997 439 1062 minus
456 998 591 1062 constat
606 996 775 1062 Gratetem
791 999 909 1080 ἄρκτον
924 996 1180 1081 interpretatum
1196 1017 1264 1061 non
1281 1015 1355 1060 esse
1372 997 1483 1062 verbis

200 1105 348 1187 ἀρκτικὸς
371 1105 497 1175 κύκλος.

306 1209 379 1275 Ηοο
400 1210 502 1292 igitur
523 1210 650 1275 incerto
668 1231 709 1274 ex
726 1213 861 1275 auctore
879 1208 999 1274 Strabo
1017 1207 1133 1274 attulit
1148 1208 1315 1275 Oratetem
1332 1212 1483 1276 mutasse

200 1338 317 1382 versus
346 1317 380 1380 Σ
400 1316 465 1382 489
498 1319 533 1381 et
564 1343 579 1380 ε
606 1317 684 1400 275;
714 1337 795 1381 nam
825 1316 1048 1381 mutationem
1078 1315 1198 1381 fecisse
1229 1300 1484 1399 grammatiodm

200 1423 444 1506 Pergamenum
468 1425 502 1488 et
518 1423 684 1509 Apollonii
701 1422 878 1509 Sophistae
902 1422 1004 1488 verbo
1029 1425 1237 1506 ἀναγινώσκει
1257 1425 1292 1488 et
1308 1422 1482 1489 Strabonis

201 1532 276 1595 οὐδὲ
294 1581 300 1595 .
317 1580 323 1595 .
341 1533 452 1614 ὀρθῶς
475 1533 590 1614 γράφει
613 1529 760 1616 adparet.
800 1529 957 1595 Gratetea
980 1550 1059 1594 vero
1085 1529 1260 1595 Strabonis
1285 1532 1364 1595 sunt
1387 1529 1483 1596 haec:

200 1639 276 1702 οὐδὲ
291 1639 420 1721 Κράτης
443 1637 501 1702 οὖν
525 1639 637 1720 ὀρθῶς
660 1639 775 1720 γράφει
797 1637 884 1711 „otoo
900 1637 1082 1720 δ’ἄμμορός
1098 1639 1159 1701 ἔστι
1173 1639 1332 1719 λοετρῶν(
1352 1639 1485 1720 φεύγων

186 1745 235 1810 τὰ
258 1745 304 1827 μὴ
328 1747 458 1828 φευκτά.
498 1744 590 1824 Quae
613 1743 733 1808 ultima
750 1744 853 1809 verba
869 1743 916 1808 sic
932 1746 1012 1808 sunt
1027 1742 1293 1829 interpretanda:
1317 1743 1483 1826 effugiens

203 1872 290 1937 quae
312 1850 428 1933 fugere
453 1871 536 1935 opus
559 1872 627 1917 non
652 1852 732 1915 erat.
767 1851 872 1933 Igitur
895 1849 1075 1915 dilucidum
1100 1851 1153 1915 est
1175 1853 1301 1915 rectam
1324 1871 1392 1916 non
1409 1872 1483 1916 esse

202 1957 377 2023 Strabonis
401 1957 580 2023 lectionem
604 1959 670 2029 οἷος
693 1978 779 2043 quae
810 1957 900 2022 vocis
923 1956 1031 2022 forma
1055 1955 1097 2022 ad
1113 1957 1161 2022 nil
1184 1956 1274 2022 aliud
1297 1959 1410 2043 potest
1432 1978 1483 2022 re-

199 2064 276 2130 ferri
307 2065 372 2130 nisi
404 2063 447 2129 ad
466 2065 613 2148 Ὠρίωνα.
661 2063 726 2130 Sed
758 2065 829 2130 sive
854 2064 928 2131 Orio
961 2067 1014 2130 est
1045 2065 1175 2146 signum
1208 2065 1308 2129 huius
1338 2064 1483 2130 nominis

200 2170 347 2237 australe
381 2171 430 2253 (cf.
455 2193 482 2238 e.
505 2193 534 2254 g.
558 2172 700 2238 Macrob.
725 2171 795 2237 Sat.
812 2172 851 2253 V,
867 2171 917 2256 11,
933 2173 984 2254 12)
1016 2171 1089 2252 sive
1120 2171 1209 2236 idem
1240 2193 1280 2237 ac
1302 2171 1425 2237 Bootes
1450 2174 1483 2237 et

200 2277 428 2364 Arctophylax
443 2277 494 2361 (cf.
511 2278 653 2366 Hesych.
671 2301 696 2344 s,
712 2300 743 2344 v.
758 2282 899 2365 βοώτης;
925 2277 1024 2344 schol.
1041 2281 1132 2344 Arat.
1150 2279 1189 2344 91
1209 2301 1238 2364 p.
1252 2278 1327 2362 356,
1340 2278 1400 2345 te
1416 2277 1481 2364 Μ),

202 2405 277 2450 oum
309 2407 387 2451 vero
418 2385 469 2450 ita
500 2386 528 2450 si
552 2385 666 2452 Crates
698 2386 829 2471 scripsit
852 2406 920 2450 non
944 2385 1124 2469 consentit,
1156 2407 1236 2450 nam
1260 2405 1335 2450 cum
1360 2386 1483 2450 Bootes

202 2491 320 2557 occidit
343 2491 393 2578 (cl.
410 2495 506 2559 Arati
521 2513 656 2558 versum
673 2493 753 2576 5813
770 2491 902 2577 Maass,
918 2491 1046 2578 AlR'p.
1066 2491 1220 2577 111419),
1245 2494 1319 2557 tum
1335 2492 1482 2557 australe

199 2598 281 2663 illud
313 2597 404 2664 sidus
434 2621 502 2665 non
535 2602 587 2664 est
611 2620 742 2684 semper
766 2600 989 2685 conspicuum.
1036 2598 1170 2664 Falsam
1194 2619 1273 2665 vero
1298 2599 1482 2665 doctrinam

201 2707 459 2772 astronomicam
490 2707 526 2772 in
556 2728 591 2771 re
623 2704 769 2792 quadam
800 2704 865 2771 illis
897 2706 1102 2792 temporibus
1134 2706 1311 2771 notissima
1338 2706 1482 2771 Homero

201 2813 367 2878 Cratetem
403 2813 589 2879 inculcasse
624 2833 722 2878 nemo
758 2811 940 2878 crediderit.
983 2813 1130 2898 Accedit,
1167 2812 1256 2899 quod
1286 2811 1482 2899 Apollonius

201 2914 335 3006 optimo
355 2920 450 2985 fonte
475 2942 557 2985 usus
582 2921 779 3005 scripturam
803 2920 993 2986 Crateteam
1017 2924 1037 3003 ἡ
1062 2921 1166 2985 affert.
1213 2921 1331 3006 ltaque
1355 2919 1482 2985 Casan-

199 3027 318 3107 bonus,
344 3026 392 3092 ed.
410 3026 529 3110 Strab,
553 3027 588 3091 in
605 3048 687 3092 com.
712 3048 736 3091 c.
754 3027 774 3090 3
791 3026 873 3113 bsq.
899 3028 1022 3092 erravit
1045 3027 1102 3113 qui
1126 3027 1298 3092 contendit
1315 3027 1482 3092 Cratetem

201 3137 235 3198 et
265 3133 375 3218 ipsum
406 3137 523 3217 ἄρκτον
555 3134 698 3199 eundem
727 3154 801 3199 esse
826 3136 927 3219 atque
952 3134 1100 3216 ἀρκτικὸν
1123 3136 1243 3199 κύκλον
1267 3133 1482 3219 explanasse,

201 3239 288 3325 quod
320 3242 359 3305 ut
390 3240 597 3326 exprimeret,
628 3241 695 3312 οἶος
723 3262 881 3326 cumpro
906 3239 1003 3305 solito
1028 3244 1077 3324 οἴη
1103 3241 1283 3326 scripsisse.
1330 3239 1395 3305 Sed
1417 3239 1481 3304 hoc

201 3368 303 3411 sensu
344 3348 410 3418 οἷος
447 3346 589 3413 formam
629 3352 706 3432 post
737 3368 854 3413 versus
886 3348 1126 3412 antecedentes
1157 3348 1292 3434 poetam
1324 3346 1481 3412 adhibere

200 3455 350 3538 petuisse
381 3452 472 3519 haud
502 3453 600 3519 facile
630 3454 795 3540 quispiam
827 3453 985 3537 eredat32)
1019 3454 1107 3539 quod
1130 3456 1200 3540 ipse
1226 3456 1328 3519 etiam
1353 3454 1482 3519 (lasau-

200 3559 311 3626 bonus
335 3561 450 3626 sensit.

308 3741 326 3808 ¹)
344 3739 386 3792 De
399 3737 518 3808 Polybio
538 3741 654 3791 auctore
672 3738 740 3791 item
760 3738 942 3807 cogitandum
962 3755 1018 3792 non
1039 3742 1082 3792 est
1101 3755 1134 3792 ac
1153 3739 1188 3792 de
1207 3739 1379 3808 Apollodoro
1393 3754 1483 3807 neque

200 3825 383 3881 Posidonium
410 3831 556 3882 auctorem
575 3843 637 3881 esse
665 3826 721 3880 ullo
745 3828 829 3880 modo
852 3831 949 3897 potest
974 3827 1168 3891 demonstrari,
1194 3844 1257 3882 curn
1283 3844 1356 3897 quae
1380 3828 1483 3881 statuit

200 3915 288 3972 Blasa
308 3904 336 3970 in
355 3917 413 3971 ind.
432 3916 496 3971 lect.
516 3915 587 3970 Kiel.
607 3916 641 3969 de
660 3915 779 3969 Gemino
798 3919 828 3970 et
846 3917 1000 3970 Posidonio
1019 3935 1045 3987 p.
1059 3916 1095 3969 23
1113 3917 1310 3971 infirmissimis
1328 3922 1403 3970 stare
1416 3915 1482 3969 talis

200 4005 364 4058 monstrarit
391 4004 519 4068 Martini,
552 4005 625 4059 stud.
651 4005 724 4075 Lips
749 4004 824 4058 XVll
850 4023 876 4075 p.
900 4005 953 4059 364
977 4022 1036 4076 sqq.
1062 4006 1123 4060 383.
1168 4005 1363 4060 Confidentius
1398 4005 1483 4074 igitur

199 4092 336 4147 iudicavit
355 4094 465 4159 Manes,
484 4095 563 4148 Arat.
583 4112 609 4165 p.
632 4093 690 4148 189.

308 4184 326 4251 ⁸²)
346 4183 481 4237 Attamen
507 4188 568 4238 erat
587 4183 634 4254 qui
654 4183 726 4237 serio
746 4184 821 4237 hanc
841 4182 979 4253 proferret
997 4185 1180 4238 sententiam:
1209 4184 1341 4253 Hergtius
1360 4184 1482 4237 enimin

201 4274 423 4341 programmate:
443 4271 533 4338 Quam
553 4289 618 4326 vere
638 4272 673 4326 de
692 4272 780 4326 Ulixis
800 4272 940 4326 erroribus
959 4273 1164 4327 Eratosthenes
1182 4272 1355 4336 indicaverit,
1374 4272 1482 4326 Lunds-

201 4360 260 4414 hut.
276 4360 353 4425 1887,
371 4377 396 4430 p.
408 4361 440 4414 41
456 4366 589 4431 corrupto
603 4358 656 4417 aloc
669 4361 746 4415 nisus
759 4362 902 4416 Cratetem
916 4362 1051 4416 acerrime
1063 4363 1167 4432 carpsit
1180 4380 1214 4416 ac
1228 4362 1262 4415 de
1274 4362 1349 4415 mala
1362 4361 1482 4415 Cratetis

201 4450 310 4503 ratione
335 4449 537 4519 interpretandi
562 4451 653 4505 verbis
677 4452 765 4505 verba
789 4450 986 4515 accumulavit,
1013 4453 1067 4504 etsi
1086 4452 1161 4521 quod
1180 4451 1313 4520 Hergtius
1333 4450 1482 4520 opprobrio

201 4538 252 4592 dat
270 4539 472 4608 grammaticus
490 4539 604 4592 minime
622 4539 698 4593 fecit.
