3368 5032
765 311 989 376 -28-

234 491 297 554 BT
315 489 358 554 ad
381 491 406 553 Δ
427 489 489 554 132
497 512 506 578 3
530 487 630 554 schol.
655 489 717 552 BT
735 487 779 553 ad
808 490 840 552 Y
858 489 924 556 270
950 487 999 577 [ci.
1023 487 1117 554 nusi
1144 488 1239 572 1207,
1253 487 1316 577 4113
1341 489 1440 556 schol.
1461 492 1524 555 BT

237 597 281 662 ad
311 597 334 660 l
357 596 429 678 132)
441 596 465 682 1)
497 594 729 661 Aristarcheos
760 594 909 663 studiose
933 598 1095 680 spectare,
1130 594 1262 660 etiamsi
1285 617 1361 661 cum
1385 597 1518 662 Oratete

236 702 449 788 aliquatenus
467 701 644 785 consentit,
668 701 839 787 probabile
855 703 916 768 est.
958 702 1109 788 Denique
1132 700 1196 767 hac
1219 724 1295 768 cnm
1318 703 1517 790 interpreta-

236 810 328 875 tione
352 808 521 876 consentit
537 806 745 873 Eustathius.
792 807 858 872 Sed
873 809 974 874 tertia
997 808 1100 874 etiam
1123 810 1237 893 potest
1259 800 1397 894 proferri
1421 809 1517 876 scho-

234 916 351 984 liorum
385 914 580 1001 explicatio:
615 935 693 980 nam
718 913 864 999 suppleri
887 916 990 981 etiam
1017 917 1161 1001 possunt
1190 911 1231 1002 <x
1254 913 1351 1004 λέγει)
1375 918 1420 980 ὅτι
1454 919 1517 980 κτλ.

237 1024 376 1106 Ignotus
398 1022 498 1106 igitur
522 1021 641 1106 aliquis
665 1021 871 1086 sententiam
894 1043 916 1086 a
931 1022 1065 1087 Gratete
1090 1021 1130 1086 de
1154 1021 1285 1087 duobus
1308 1022 1519 1104 navigiorum

236 1129 406 1196 ordinibus
445 1130 617 1213 acceptam
656 1129 913 1214 impugnaverat
945 1128 1140 1214 dixeratque
1173 1130 1344 1194 sententia
1375 1129 1518 1194 Cratetis

235 1236 450 1322 comprobata
477 1238 607 1319 πρώτας
639 1255 707 1300 non
734 1255 833 1321 posse
865 1235 939 1318 legi,
976 1234 1034 1300 sed
1057 1233 1240 1300 Homerum
1263 1236 1317 1300 hic
1340 1239 1375 1302 et
1401 1237 1430 1302 Ο
1453 1236 1517 1302 656

233 1346 388 1428 πρότερος
410 1363 528 1408 vocem
551 1362 635 1427 opus
659 1340 925 1411 esseadhibere.
960 1341 1083 1410 Contra
1106 1363 1205 1427 quem
1229 1341 1372 1408 Cratetis
1397 1342 1517 1409 doctri-

234 1472 313 1517 nam
337 1447 531 1515 Autochtho
564 1446 714 1514 defendit
744 1448 800 1534 qui
833 1470 900 1535 qua
932 1469 1036 1514 causa
1067 1448 1236 1514 Oratetem
1268 1452 1446 1515 excusaret
1476 1471 1518 1516 ex

236 1555 524 1623 Aristarcheorum
555 1553 729 1640 disciplina
763 1555 827 1620 sibi
861 1556 1005 1641 sumpsit
1039 1556 1092 1619 cui
1127 1557 1162 1620 et
1196 1547 1408 1621 adversarius
1447 1557 1518 1643 ipse

235 1664 369 1729 videtur
392 1661 546 1728 addictus
569 1661 684 1728 fuisse.
715 1663 826 1748 Atque
850 1661 939 1727 hanc
955 1662 1158 1728 sententiam
1176 1665 1375 1748 acceperunt
1390 1663 1519 1729 Lehrs‘2

235 1793 265 1856 p.
282 1771 346 1836 225
369 1772 404 1836 et
419 1767 670 1852 Friedlaender.,
695 1768 840 1836 Ariston.
865 1767 909 1833 ad
933 1771 963 1832 Ξ
983 1768 1026 1833 32
1048 1789 1080 1854 p.
1095 1769 1161 1832 228
1185 1770 1242 1854 qui
1264 1770 1354 1836 hunc
1374 1770 1517 1836 Cratetis

235 1876 464 1944 adversarium
480 1876 707 1941 Aristarchum
732 1874 838 1941 fuisse
861 1877 971 1961 ipsum
994 1876 1245 1941 contenderunt.
1287 1876 1382 1956 Quod
1398 1897 1517 1942 secun-

236 1984 314 2050 dum
347 2004 389 2049 ea
419 2004 505 2069 quae
529 2003 631 2068 supra
653 1985 786 2048 nosmet
811 1983 874 2068 ipsi
898 1982 938 2048 de
963 1982 1107 2048 Cratetis
1131 1986 1166 2049 et
1188 1982 1372 2049 Aristarchi
1397 1983 1460 2050 hac
1482 1985 1518 2048 in

234 2113 270 2156 re
294 2090 479 2156 discrimine
503 2089 702 2175 protulimus
717 2088 791 2162 fieri
806 2110 905 2175 posse
921 2110 1019 2155 nemo
1036 2092 1089 2154 est
1105 2090 1161 2175 qui
1175 2092 1317 2156 recuset.
1339 2091 1519 2157 Praeterea

234 2198 357 2284 optime
387 2218 422 2262 re
446 2217 529 2262 vera
558 2195 637 2262 licet
669 2197 830 2282 suspicari
854 2196 958 2262 verba
988 2197 1055 2262 eine
1077 2198 1138 2281 γὰρ
1162 2201 1201 2262 ἂν
1224 2201 1419 2282 ,,προτέρας“
1443 2219 1517 2262 esse

234 2303 420 2370 Aristarchi
450 2303 507 2390 qui
531 2305 736 2388 quantopere
765 2302 974 2369 contenderit
1003 2304 1071 2369 iam
1094 2304 1230 2370 Homeri
1254 2305 1458 2389 temporibus
1481 2305 1516 2368 in

234 2411 350 2494 lingua
372 2411 446 2476 fixis
470 2409 600 2493 legibus
624 2409 737 2478 omnia
760 2411 902 2476 coerceri
924 2410 1137 2476 notissimum
1161 2410 1250 2497 esta)
1307 2411 1517 2497 Quamquam

236 2517 271 2582 hi
295 2516 383 2583 docti
398 2517 461 2582 viri
485 2515 742 2583 confidentiores
767 2523 872 2600 erant,
897 2517 986 2604 quod
1008 2516 1063 2583 illo
1088 2520 1134 2582 ὅτι
1149 2516 1314 2583 vocabulo
1337 2517 1408 2584 solo
1432 2539 1515 2583 usus

235 2627 409 2710 tamquam
433 2626 629 2707 argumento
654 2623 738 2689 haec
760 2624 865 2689 verba
888 2624 1076 2690 Aristonico
1101 2626 1189 2690 certe
1213 2624 1394 2690 attribuere
1417 2644 1515 2690 nemo

235 2735 362 2818 potest;
393 2734 467 2797 tum
498 2730 663 2817 quomodo
695 2733 731 2796 et
752 2729 966 2799 Heracleonis
998 2733 1032 2796 et
1055 2724 1304 2796 Autochthonis
1326 2730 1516 2797 sententiae

167 2897 168 2900 ,
235 2842 303 2904 tam
330 2840 402 2903 arte
427 2838 623 2906 coniunctae
647 2857 721 2902 esse
749 2837 881 2922 possint
909 2859 984 2903 cum
1007 2838 1224 2904 Aristoniceis
1247 2837 1356 2905 verbis
1381 2836 1516 2902 difficile

235 2949 288 3012 est
310 2944 491 3011 intellectu.
537 2944 665 3011 Tamen
696 2965 770 3010 esse
794 2966 879 3030 quae
908 2944 1041 3010 abiecta
1064 2966 1104 3011 ac
1128 2943 1280 3030 deposita
1301 2945 1366 3010 hac
1388 2943 1516 3009 Lehrsii

235 3050 275 3117 de
298 3051 487 3117 Aristonico
510 3050 630 3116 horum
653 3051 829 3117 verborum
854 3053 989 3118 auctore
1013 3052 1182 3117 sententia
1208 3050 1296 3116 hanc
1319 3052 1516 3119 scholiorum

234 3158 490 3242 explicationem
514 3158 677 3224 adiuvent
698 3179 797 3224 nemo
821 3161 874 3224 est
897 3159 954 3245 qui
977 3179 1045 3224 non
1068 3157 1183 3224 videat
1213 3157 1265 3241 (ci.
1289 3157 1389 3224 schol.
1416 3159 1515 3223 Tin-

234 3264 340 3332 terlin.
365 3263 408 3330 ad
436 3265 465 3330 Ο
488 3264 554 3330 654
576 3287 606 3351 p.
623 3266 666 3330 25
689 3266 758 3330 n.2
783 3265 1006 3352 exscriptum).

341 3373 458 3458 ltaque
487 3372 576 3457 quod
607 3373 728 3437 summi
759 3376 812 3438 est
842 3373 1010 3455 momenti,
1047 3373 1205 3458 quoniam
1236 3371 1514 3438 Wachsmuthius

234 3478 299 3544 hac
322 3478 362 3543 de
385 3499 421 3544 re
444 3500 617 3564 perperam
630 3472 808 3561 iudicavit,
834 3483 966 3564 praeter
989 3500 1030 3544 ea
1050 3500 1136 3564 quae
1152 3500 1253 3564 supra
1268 3500 1298 3564 p.
1311 3478 1354 3544 26
1371 3477 1514 3543 diximus

233 3586 443 3671 pronuntiari
466 3607 534 3651 non
557 3589 668 3671 potest
691 3606 792 3671 quam
816 3584 957 3651 formam
982 3584 1184 3652 Graecorum
1200 3584 1370 3651 navalium
1388 3587 1515 3650 castro-

234 3714 308 3758 rum
324 3692 439 3758 Orates
457 3693 614 3775 docuerit,
637 3714 712 3758 cum
728 3695 877 3778 nequeat
893 3691 1112 3758 demonstrari
1129 3714 1205 3758 eum
1221 3693 1391 3757 censuisse
1408 3712 1514 3757 naves

235 3797 436 3865 Graecorum
467 3803 501 3864 ἐν
525 3803 651 3884 ὁιστίχῳ
681 3798 795 3866 fuisse.
848 3800 952 3882 Igitur
984 3800 1084 3865 etiam
1116 3798 1157 3865 de
1180 3798 1292 3864 verbis
1316 3797 1515 3864 scholiorum

235 3907 297 3970 BT
314 3907 380 3972 εἷπε
404 3908 464 3991 γὰρ
488 3911 527 3972 ἂν
549 3909 744 3990 ,,προτε’ρας“
768 3926 774 3942 ·
797 3909 852 3971 καὶ
874 3914 976 3982 υνεῶν
998 3945 1043 3954 -
1065 3909 1250 3990 προτέρων“
1278 3906 1329 3991 (Τ;
1359 3909 1515 3989 πρωτέων

234 4013 277 4098 Β)
287 4014 309 4095 ³)
335 4013 429 4078 cuius
453 4012 521 4079 sint
545 4014 690 4079 auctoris
715 4017 841 4080 certum
865 4013 1022 4079 iudicium
1044 4011 1180 4099 proferri
1203 4013 1328 4098 nequit

343 4211 361 4276 1)
380 4209 463 4262 Falso
482 4208 569 4278 igitur
588 4207 622 4262 de
641 4207 741 4262 scholii
753 4213 779 4260 T
794 4209 908 4263 nomine
927 4207 1063 4262 iudicavit
1076 4206 1227 4272 Ludwich.,
1246 4207 1347 4262 AHTK
1359 4207 1371 4260 l
1384 4224 1409 4277 p.
1420 4205 1514 4271 301,3.

343 4297 363 4367 ἢ)
383 4297 419 4351 ci.
442 4296 623 4351 Ammonium
644 4297 689 4351 vel
714 4297 808 4368 potius
833 4297 1004 4351 Herennium
1027 4296 1174 4351 Philonem
1202 4297 1250 4367 qui
1273 4296 1515 4350 Aristarcheorum

235 4402 304 4457 opes
323 4385 484 4451 adhibebat,
506 4385 569 4452 1203
590 4386 687 4441 endem
705 4386 837 4441 mutilata
855 4387 972 4457 praebet
989 4385 1034 4440 nt.
1053 4386 1124 4440 Gud.
1144 4403 1168 4440 o.
1180 4385 1242 4451 481,
1252 4385 1295 4440 62.

342 4477 361 4546 ³l
380 4477 517 4546 προτέρων
534 4476 732 4530 tantummodo
752 4474 931 4531 scribendum
949 4478 1000 4542 est,
1029 4475 1053 4530 si
1072 4476 1238 4545 supplentur
1261 4478 1307 4526 καὶ
1325 4470 1423 4531 <ciarev
1440 4473 1514 4538 dv>3

235 4564 413 4619 adversarius
432 4565 518 4634 igitur
538 4566 653 4618 navium
671 4560 798 4630 διστιχίας
815 4581 903 4620 unum
922 4564 1003 4618 novit
1021 4564 1050 4619 in
1070 4567 1091 4615 0
1109 4563 1162 4619 656
1179 4565 1319 4634 aporiam
1344 4563 1425 4618 aliter
1449 4579 1514 4617 auc·
