3368 5032
819 283 951 349 --36
1002 323 1041 331 ..

397 461 603 529 Gravissima
634 464 748 528 autom
779 462 844 529 hac
874 463 908 528 in
940 483 975 528 rc
1007 461 1202 527 testimonia
1233 462 1353 549 quibus
1381 461 1573 528 indicantur

289 590 376 655 quac
400 571 435 636 ot
458 569 670 635 Aristarchus
695 573 729 635 ot
746 569 862 635 Crates
885 569 948 634 hoc
972 568 1012 634 dc
1037 570 1231 651 cognomine
1256 572 1450 635 statuerunt
1464 568 1570 634 Horo-

289 675 409 743 dianus
432 676 530 742 nobis
554 675 823 764 subministravit
841 677 898 762 qui
919 679 1008 742 tosto
1032 675 1156 741 scholio
1172 679 1203 739 A
1227 674 1271 741 ad
1297 676 1406 742 0365
1429 676 1464 740 in
1488 675 1571 742 libro

287 786 359 867 περὶ
384 784 520 869 Ἰλιοικῆς
550 786 731 868 προςῳδίας
762 783 812 867 (ci.
835 782 948 848 Loniz.
971 783 1000 848 ll
1031 805 1061 868 p.
1085 782 1138 868 95,
1152 784 1208 867 243
1238 782 1314 849 vide
1338 783 1353 848 l
1380 805 1409 868 p.
1426 783 1569 866 543,16)

289 891 421 976 scripsit
435 890 531 956 haec:
559 893 767 974 Ἀρίσταρχος
791 892 925 964 ὃσσύνει,
950 890 1014 954 ἀπὸ
1037 898 1092 973 τῆς
1115 893 1213 961 ἔσεως
1235 897 1300 954 τῶν
1322 892 1463 978 βελῶνβ)
1487 895 1518 955 oi
1536 892 1573 955 δὲ

289 1000 359 1082 περὶ
381 999 436 1062 τὸν
459 999 634 1082 Κράτητα
663 999 767 1080 ψιλῶς
790 998 854 1061 ἀπὸ
877 1006 932 1082 τῆς
955 999 1078 1068 ἰάσεως.
1123 999 1177 1062 καὶ
1201 1000 1303 1068 οὕτως
1326 976 1516 1081 ἐπείσθησαν
1541 1001 1575 1062 οῖ

288 1107 502 1188 γραμματικοὶ
524 1105 606 1188 πρὸς
630 1106 786 1188 διάφορον
802 1106 1007 1188 ε’τνμολογλαν
1024 1105 1191 1187 διαφόρως
1207 1107 1440 1186 ἀναγινώσκειν.
1477 1103 1571 1184 Quae

287 1212 328 1277 lis
360 1214 399 1277 ut
434 1214 550 1277 conset
579 1210 791 1279 Herodianus
823 1209 1006 1277 secundum
1036 1209 1171 1292 huguac
1201 1209 1294 1293 logcs
1326 1214 1398 1276 orat
1427 1210 1570 1276 inutilis:

288 1321 366 1390 (ῧςιε
397 1323 455 1383 εἴτε
486 1322 521 1384 ἐκ
552 1327 608 1383 τοῦ
639 1322 747 1404 ,,ἥιος“
779 1321 998 1402 ὄασσνομένον
1030 1320 1110 1383 ἐστὶν
1140 1321 1197 1382 εἴτε
1228 1320 1265 1383 ἐκ
1293 1326 1348 1382 τοῦ
1372 1321 1570 1401 φιλουμένου

287 1429 398 1508 μόνως
425 1427 616 1509 potationi)
664 1424 798 1492 Scilicet
820 1428 855 1490 ct
878 1423 1092 1490 Aristarchus
1116 1428 1151 1489 ot
1174 1423 1289 1490 Crates
1312 1440 1429 1491 vocem
1452 1425 1574 1490 ΗΙΟΣ

288 1554 330 1598 cx
344 1532 454 1598 forma
466 1533 599 1598 ΙΗΙΟΣ
607 1535 725 1598 natam
742 1553 815 1597 csso
832 1531 896 1596 sibi
910 1535 1161 1617 persuaserunt
1178 1530 1268 1618 quod
1283 1531 1452 1597 stabilitur
1465 1532 1568 1597 altero

287 1640 359 1705 loco
376 1638 557 1705 Herodiani
581 1641 715 1705 servato
740 1660 782 1704 ox
797 1639 879 1703 libro
903 1641 975 1723 περὶ
997 1641 1116 1703 παθῶν
1140 1637 1191 1720 (cf.
1207 1637 1320 1703 Lontz.
1336 1638 1497 1724 rip-185,
1515 1639 1570 1721 11;

286 1746 457 1831 vid0524,
475 1746 526 1834 12)
549 1744 870 1827 incinctum:
895 1749 956 1810 ἔστι
979 1746 1014 1810 τὸ
1037 1749 1166 1830 ,,ῑήιος“,
1192 1747 1337 1810 ἐπίθετον
1357 1747 1569 1819 Ἀπόλλωνος,

288 1855 458 1938 ὁτοξιλιης,
480 1854 544 1918 ἀπὸ
561 1861 615 1918 τοῦ
639 1856 746 1936 ,,ἵημι“
768 1855 855 1936 παρὰ
871 1854 927 1936 τὴν
944 1856 1007 1917 ἕσιν
1022 1860 1087 1917 τῶν
1102 1853 1240 1936 patavi)
1271 1853 1349 1924 τινὲς
1365 1854 1400 1917 δὲ
1415 1854 1568 1935 ψιλοῦσιν,

288 1962 353 2025 εἰιεὶ
377 1950 602 2032 ἰάσεωςσῖτιος
625 1961 770 2040 obstat
808 1961 895 2024 τὸδὲ
918 1963 985 2043 ,ἤιε
1005 1961 1122 2043 Φοῖβσ(
1146 1958 1208 2044 (sic
1223 1957 1435 2024 Herodianus
1451 1958 1572 2045 logii,⁵)

287 2087 355 2132 non
387 2088 462 2132 cum
486 2066 677 2133 Aristarcho
702 2066 762 2152 ἤιε)
793 2068 872 2131 κατὰ
904 2068 1068 2151 ἀποβολὴν
1090 2075 1146 2131 τοῦ
1171 2068 1209 2147 ιθ)
1235 2069 1395 2149 γέγονεν.)
1442 2065 1570 2145 Quibus

396 2229 414 2297 1)
434 2228 471 2282 ci.
491 2226 578 2282 schol.
598 2229 667 2283 Gen.
686 2230 711 2283 II
738 2229 773 2283 ad
793 2233 814 2280 0
832 2229 894 2284 365.
913 2259 947 2268 -
966 2229 1046 2283 Hanc
1072 2230 1229 2284 doctrinam
1254 2230 1370 2285 adhibet
1397 2230 1571 2284 Philoxenus

287 2314 315 2368 ἐν
332 2323 369 2385 τῷ
387 2321 449 2387 περὶ
466 2313 668 2386 μονοσνλλάβων
687 2317 733 2387 ici.
753 2317 797 2372 st.
817 2319 852 2373 M.
871 2318 932 2384 462,
943 2319 992 2385 56;
1011 2336 1038 2373 v.
1057 2318 1166 2384 Kleist„
1186 2320 1221 2373 de
1240 2318 1349 2374 Philox.
1368 2336 1395 2390 p.
1408 2319 1461 2388 50).

394 2406 415 2476 9)
435 2406 496 2460 Hoc
515 2423 579 2460 cum
597 2407 748 2461 Herodioni
766 2407 830 2461 loco
850 2408 1134 2476 coniungendasunt
1152 2407 1237 2462 haec:
1263 2409 1341 2463 Eust.
1362 2406 1499 2472 1020,19;
1520 2449 1568 2462 ...

283 2491 447 2565 Ἡρωδιανὸς
462 2491 546 2546 δὲκαὶ
559 2489 587 2547 οἱ
600 2499 661 2566 περὶ
674 2495 837 2566 Κράτητα
855 2493 977 2565 ψιλοῦσιν
996 2494 1049 2548 ἀπὸ
1061 2500 1107 2562 τῆς
1120 2496 1217 2551 ἰάσεως·
1237 2495 1327 2567 ἰατρὸς
1338 2496 1397 2567 γάρ,
1416 2497 1432 2551 1.
1447 2513 1470 2552 e.
1484 2497 1569 2551 Hero·

287 2584 386 2639 dianus
400 2601 463 2638 cum
477 2584 590 2639 Crateto
601 2585 631 2638 iu
643 2584 699 2651 ἡίοι
711 2602 782 2640 voco
794 2582 877 2655 ψιλῶς
890 2586 965 2640 dicta
978 2586 1129 2651 consensit,
1148 2586 1343 2652 minimovcro
1356 2586 1384 2640 in
1397 2586 1568 2656 veriloquio;

287 2673 374 2727 schol.
388 2674 445 2727 BT
459 2673 495 2727 ad
519 2677 548 2724 Υ
555 2674 619 2727 152:
641 2716 646 2727 .
668 2716 673 2727 .
695 2717 700 2727 .
719 2672 750 2726 τὸ
770 2670 799 2726 δὲ
818 2674 891 2740 ,,ἠίε“
913 2717 918 2728 .
939 2717 945 2728 .
963 2673 1039 2745 παρὰ
1056 2676 1104 2740 τὴν
1123 2673 1193 2726 ἴασιν
1210 2677 1256 2726 καὶ
1274 2671 1411 2744 ψιλοῦται;
1436 2675 1524 2729 schol.
1548 2676 1578 2729 Τ

286 2761 323 2815 ad
342 2765 364 2812 0
382 2762 448 2816 365:
467 2761 516 2831 ἤιε]
539 2803 544 2817 .
565 2805 571 2816 .
591 2757 619 2814 οἱ
635 2761 663 2815 δὲ
681 2761 755 2833 παρὰ
773 2765 822 2829 τὴν
840 2765 918 2816 ὶασιν.

394 2852 413 2920 ³)
433 2851 469 2905 cl.
489 2852 543 2905 lex.
565 2851 657 2906 Orion.
677 2869 698 2906 c.
712 2854 755 2916 75,
767 2853 802 2905 24
827 2853 874 2907 ubi
898 2870 947 2923 pro
968 2853 1047 2907 codd.
1067 2851 1138 2919 ἕησιν
1155 2853 1172 2907 l.
1193 2851 1247 2904 ἕσιν
1269 2855 1298 2907 ct
1315 2853 1359 2906 st.
1379 2853 1451 2906 l'lor.
1470 2870 1496 2923 p.
1518 2852 1574 2906 145

287 2939 329 2994 eci.
349 2941 424 3004 Mill„
445 2957 466 2994 s.
486 2958 512 2994 v.
531 2939 594 3005 ἤιος.

394 3030 413 3099 ⁴)
433 3029 502 3084 Vide
517 3031 563 3084 Ps.
578 3030 643 3085 Zon.
663 3047 689 3101 p.
703 3031 754 3085 981
764 3049 772 3084 :<
788 3029 845 3096 ἤιος
864 3069 871 3084 .
891 3070 897 3084 .
917 3030 1024 3098 ἄμεινον
1042 3026 1071 3082 δὲ
1083 3027 1239 3100 ψιλοῦσθαι,
1259 3028 1312 3082 ἀπὸ
1330 3032 1376 3095 τῆς
1394 3024 1491 3094 ἰάσεως,
1511 3029 1529 3084 i.
1544 3046 1568 3083 θ.

287 3119 439 3173 Herodiani
452 3122 481 3172 et
491 3118 613 3173 Cratetis
632 3120 791 3174 sentcntiae
810 3123 876 3173 sunt
895 3121 1044 3184 confusam
1065 3136 1217 3190 quaerero
1237 3121 1324 3174 verbu
1342 3121 1498 3189 sequuntur
1515 3120 1571 3170 τῶν

287 3204 369 3276 βελῶν
387 3224 475 3278 prave
494 3208 549 3262 huc
568 3209 711 3263 translata
729 3210 796 3263 sunt
815 3225 849 3262 ex
868 3209 1001 3278 opinione
1013 3208 1207 3274 Aristarchum
1227 3209 1302 3278 quod
1321 3209 1505 3262 confirmatur
1522 3207 1567 3262 st.

286 3297 360 3351 Flor.
381 3313 407 3367 p.
422 3295 473 3350 145
499 3297 540 3350 ed.
560 3297 626 3351 Mill.
652 3296 699 3352 ubi
724 3300 790 3368 post
809 3297 990 3352 Aristarchea
1015 3300 1045 3352 ct
1062 3298 1196 3352 Oratotea
1219 3291 1292 3348 οἶδὲ
1310 3294 1432 3367 ψιλσσσιν
1450 3294 1503 3348 ἀπὸ
1522 3299 1575 3362 τῆς

287 3384 377 3441 isaeo:
403 3389 432 3440 ct
449 3389 515 3456 post
532 3386 709 3440 Herodianus
727 3386 834 3454 ἄμεινον
852 3382 881 3437 δὲ
898 3383 1047 3455 ψιλοσσθαι
1064 3387 1166 3441 iterum
1185 3385 1340 3441 Aristarchi
1359 3386 1487 3439 doctrina
1505 3402 1568 3455 pro-

286 3474 383 3528 tertur.
422 3474 511 3542 Igitur
535 3475 671 3529 nonnulla
696 3475 723 3529 in
747 3475 800 3528 lex.
820 3475 866 3528 Ps.
887 3476 953 3529 Zon.
973 3476 1142 3530 exciderunt.
1180 3474 1300 3529 Cratetis
1320 3474 1448 3528 doctrina
1465 3474 1569 3553 legitur

287 3565 374 3617 stium
387 3563 463 3635 opud
476 3564 598 3618 Macrob.
612 3565 671 3618 Sat.
685 3565 704 3629 Ι,
720 3565 761 3630 17,
774 3563 820 3618 16;
835 3560 900 3629 ἱήισς
913 3562 966 3615 ἀπὸ
978 3570 1026 3615 τοῦ
1039 3558 1146 3630 λοῖσθος
1167 3564 1254 3618 schol.
1265 3564 1296 3617 D
1309 3563 1377 3617 Gen.
1390 3563 1402 3616 l
1415 3562 1452 3616 ad
1466 3566 1487 3613 0
1499 3563 1566 3617 365:

287 3691 294 3705 .
314 3691 321 3704 .
341 3652 406 3704 ἔνιοι
425 3648 453 3704 δὲ
471 3649 555 3723 ψιλῶς
573 3650 790 3723 ἀναγινώσκοντες
808 3648 941 3704 ἀπέδοσαν
959 3653 1078 3723 ,,ἲατρέ“.

394 3741 414 3811 ὖ)
434 3742 586 3796 Herodiani
605 3741 766 3812 opinionem
785 3742 850 3796 vido
869 3742 898 3796 in
916 3742 1032 3796 scholiis
1047 3743 1101 3797 BT
1116 3742 1152 3796 ad
1172 3740 1270 3806 0365;
1291 3741 1367 3810 apud
1385 3740 1568 3794 Eustothium

288 3831 396 3898 102112
416 3834 483 3886 anto
501 3831 604 3894 20.20;
629 3832 666 3885 ad
685 3833 714 3882 A
730 3831 780 3885 601
802 3831 937 3900 (161,12);
956 3831 985 3885 iu
1004 3832 1049 3886 lit.
1068 3831 1140 3886 Flor.
1159 3847 1186 3900 p.
1203 3829 1252 3884 145
1272 3830 1315 3884 od.
1334 3829 1413 3884 Mili:
1432 3827 1463 3881 τὸ
1481 3826 1532 3898 γὰρ
1550 3848 1574 3895 ηἱ

286 3918 339 3972 πὸ
380 3940 400 3970 ω
426 3917 490 3972 'mo
521 3917 589 3972 κατὰ
609 3916 745 3972 διάστασιν
787 3917 896 3973 ιλοῢται.

308 3939 323 3989 (¹
359 3940 469 4077 φθλησλ.
489 3941 598 4063 dcholia
615 4010 646 4064 D
665 4009 733 4063 Gcn.
747 3937 811 4065 liill
829 4009 864 4063 ad
885 4009 991 4074 0365;
1014 4009 1094 4062 Eust.
1115 4007 1245 4072 1020‚21.

394 4099 414 4168 ⁷)
434 4099 527 4152 Verba
546 4114 618 4168 quae
637 4098 665 4151 in
678 4098 722 4151 Et.
736 4097 772 4152 M.
792 4101 947 4168 sequuntur
966 4097 1042 4152 etin
1062 4096 1161 4168 quibus
1181 4096 1313 4151 Cratctoo
1332 4096 1403 4151 haoc
1421 4097 1566 4166 leguntur:

287 4182 315 4239 οἱ
332 4184 360 4238 δὲ
378 4184 502 4256 ψιλσῦσιν
520 4184 573 4237 ἀπὸ
591 4189 637 4251 τῆς
656 4185 747 4243 ἰάσεως
773 4187 921 4257 desumpta
946 4188 1012 4240 sunt
1036 4203 1071 4240 ex
1089 4185 1240 4240 Herodiani
1264 4186 1397 4257 prosodia
1415 4185 1500 4239 iliaca
1518 4184 1567 4255 (ct.

287 4276 429 4340 Carnuth.‚
450 4276 485 4330 do
497 4275 541 4330 nt.
554 4277 591 4332 bl.
603 4276 740 4342 fontibus
759 4293 851 4346 progr.
865 4277 958 4329 vacr.
973 4274 1048 4339 1876,
1068 4292 1094 4346 p.
1107 4274 1143 4328 24
1161 4292 1206 4331 no.
1219 4275 1277 4344 28);
1297 4275 1394 4346 itaque
1414 4291 1448 4328 ex
1466 4274 1566 4328 codem

286 4365 357 4419 libro
376 4365 522 4419 fluxorunt
539 4367 625 4420 verbu
643 4365 776 4437 Hesychii
802 4381 824 4419 s.
843 4382 869 4418 v.
889 4363 968 4430 ὶὴιοςε
989 4403 995 4418 .
1015 4403 1022 4416 .
1043 4402 1049 4417 .
1068 4361 1152 4434 ψιλῶς
1169 4360 1198 4416 di
1216 4362 1269 4416 ἀπὸ
1288 4366 1334 4429 τῆς
1352 4364 1461 4418 ἰάσεως·
1476 4357 1567 4434 ἰατρὸς

285 4451 336 4524 γὰρ
355 4453 369 4504 ὁ
388 4451 459 4510 θεός.
492 4454 598 4508 Contra
616 4470 651 4508 cx
669 4454 740 4509 libro
759 4455 937 4524 περιπαθῶν
955 4457 1070 4525 propter
1083 4456 1172 4508 verba
1182 4451 1250 4505 κατὰ
1264 4453 1402 4523 ἀφαίρεσιν
1414 4456 1481 4507 sunt
1493 4468 1566 4522 quoe

287 4541 457 4598 Eustathius
476 4543 513 4598 ad
525 4546 550 4594 Δ
560 4543 614 4598 474
633 4543 703 4613 (500,
713 4543 757 4614 41)
777 4547 902 4614 praebet.
933 4543 986 4598 Ubi
1004 4546 1117 4612 practer
1134 4543 1290 4598 Aristarchi
1308 4542 1479 4596 sententium
1493 4557 1568 4612 quac
