3368 5032
376 453 456 520 Max
478 453 573 520 Hans
591 455 665 520 Oarl
687 455 840 538 Bogumil
862 454 1001 521 Helck
1023 459 1118 543 patre
1135 457 1250 524 Oarolo
1267 460 1423 543 Augusta
1446 465 1554 529 matre

270 582 288 627 e
318 565 418 643 gente
448 560 604 627 Roessler
635 582 718 647 quos
750 562 866 627 ambos
904 583 978 629 esse
1015 565 1212 650 superstites
1246 566 1392 633 maxime
1423 569 1553 651 gaudeo

268 672 371 734 natus
388 689 463 734 sum
478 668 674 735 Drasdensis
696 690 725 734 a.
739 668 767 736 d.
777 668 845 734 VH.
862 667 907 735 ld.
923 670 1001 736 Dec.
1018 671 1098 735 anni
1112 671 1253 757 proximi
1270 673 1394 739 saeculi
1409 674 1552 743 LXXIX.

267 773 383 840 Fidem
413 774 571 862 profiteor
600 774 740 841 Lutheri
779 776 1016 858 evangehcam.
1069 777 1271 853 Litterarum
1300 779 1467 847 elementa
1493 803 1554 869 per

267 881 313 947 IV
337 903 444 947 annos
474 884 654 969 postquam
685 880 791 958 didici,
822 903 905 968 puer
927 881 959 947 X
982 904 1146 949 annorum
1168 884 1315 952 Dresdae
1338 885 1551 974 frequentare

268 988 361 1077 coepi
392 988 605 1075 gymnasium
635 987 896 1055 illustrissimum
928 989 1016 1075 quod
1047 988 1090 1055 ad
1121 991 1239 1057 aedem
1270 992 1414 1059 Sanctae
1439 995 1552 1061 Crucis

267 1098 496 1182 nuncupatur;
526 1094 659 1161 Henrici
687 1094 937 1179 Stuerenbur'gii
967 1096 1030 1162 viri
1061 1096 1274 1165 eruditissimi
1302 1104 1403 1186 atque
1427 1103 1550 1189 optime

268 1204 308 1269 de
339 1225 392 1287 133
424 1202 533 1268 meriti
564 1201 710 1289 auspicio
742 1202 930 1292 regebatur.
983 1203 1189 1270 Maturitatis
1217 1206 1449 1273 testimonium
1471 1229 1550 1274 vere

267 1311 347 1376 anni
368 1309 550 1376 Mucoclc
581 1312 780 1375 consecutus
812 1330 872 1396 per
901 1309 952 1374 bis
985 1330 1044 1375 sex
1075 1331 1207 1377 menses
1238 1313 1274 1378 in
1296 1312 1426 1396 legione
1451 1313 1550 1380 OVIII

266 1415 433 1504 stipendia
460 1417 512 1500 egi
542 1415 707 1481 militaria.
762 1415 888 1497 Quibus
921 1417 1045 1502 optime
1070 1419 1227 1484 conlectis
1250 1419 1548 1508 Dresdahipsiam

124 1571 126 1575 ψ
265 1523 405 1607 migravi
427 1522 625 1611 philologiae
650 1522 809 1588 studiosis
838 1525 877 1588 ut
900 1522 1112 1590 adscriberer.
1166 1524 1293 1591 Ibidem
1325 1531 1549 1593 commoratus

265 1653 323 1719 per
353 1630 399 1695 XI
434 1629 633 1695 semenstria
672 1627 805 1695 deditus
844 1650 936 1694 eram
969 1633 1102 1715 praeter
1136 1630 1203 1696 alia
1237 1631 1357 1698 studiis
1389 1633 1549 1719 imprimis

264 1737 464 1824 philologiae
496 1735 643 1802 Graecae
666 1735 905 1823 Romanaeque
937 1739 973 1802 et
1004 1735 1229 1804 Germanicae.
1282 1740 1332 1805 Ac
1364 1739 1550 1807 docuerunt

265 1866 318 1910 me
341 1844 404 1910 viri
427 1843 599 1910 clarissimi
622 1842 663 1908 de
683 1841 815 1908 Bahder
830 1843 934 1908 Barth
950 1842 1072 1926 Berger
1083 1842 1131 1932 (†)
1147 1844 1339 1928 Brugmann
1356 1845 1548 1930 Eulenburg

265 1949 413 2038 Gregory
435 1950 560 2017 Heinze
583 1947 755 2014 Hofmann
777 1948 861 2014 Holz
884 1949 1078 2032 ‹lungmann
1097 1950 1253 2017 Immisch
1267 1951 1391 2018 Kaerst
1405 1952 1549 2019 Koester

263 2057 464 2144 Lamprecht
486 2057 617 2142 Lipsius
640 2055 775 2121 Martini
797 2054 893 2120 Marx
913 2055 1051 2122 Prueier
1065 2056 1232 2123 Riemann
1249 2058 1382 2124 Sievers
1398 2059 1549 2126 Sommer

170 2179 172 2182 ’
264 2163 468 2232 Studniczka
510 2162 644 2229 Volkelt
686 2161 911 2228 Wachsmuth
941 2161 990 2250 (1)
1037 2162 1157 2230 Weule
1201 2163 1374 2231 Windisch
1416 2164 1549 2232 Wundt

263 2271 436 2339 Zimmern.
459 2317 460 2320 κ

369 2377 548 2445 Ρ13313133
577 2376 806 2462 proseminarii
839 2375 999 2464 philologi
1030 2377 1326 2444 exercitationibus
1357 2379 1547 2445 Immischio

250 2485 346 2552 'duce
370 2488 548 2572 postquam
567 2504 631 2571 per
653 2484 705 2549 bis
729 2504 828 2549 senos
852 2504 985 2549 menses
1010 2505 1138 2549 summo
1164 2505 1239 2550 cum
1262 2484 1376 2551 fructu
1397 2485 1545 2571 interfui,

262 2612 471 2680 perannum
495 2613 585 2658 eram
609 2589 796 2676 adscriptus
821 2589 945 2657 sodalis
970 2591 1155 2656 ordinarius
1181 2592 1357 2658 seminario
1378 2592 1546 2678 philologo

150 2789 152 2793 Ι
263 2700 418 2786 auspiciis
441 2698 545 2785 Lipsii
566 2697 686 2763 Marxii
708 2697 958 2764 Wachsmuthii
990 2697 1110 2784 quibus
1139 2698 1339 2764 doctissimis
1362 2699 1441 2765 viris
1465 2699 1545 2785 quid
1680 2723 1683 2728 ·

263 2827 323 2890 ego
348 2806 488 2872 debeam
512 2826 642 2891 semper
664 2805 795 2871 habebo
819 2808 914 2888 grato
938 2804 974 2870 in
997 2806 1117 2870 animo.
1153 2805 1239 2871 'lum
1262 2805 1305 2871 ad
1329 2806 1558 2872 seminarium·

263 2913 497 2981 Germanicum
531 2913 667 2979 comiter
705 2932 765 2998 per
801 2914 986 2978 semenstre
1021 2911 1156 2977 admisit
1190 2932 1243 2978 me
1279 2911 1411 2979 Sievers
1449 2913 1545 2978 cuius

262 3021 383 3088 scholis
406 3020 546 3106 publicis
580 3040 664 3106 quas
687 3019 807 3084 habuit
830 3019 870 3084 de
894 3019 1009 3102 lingua
1032 3016 1231 3084 Germanica
1252 3019 1486 3085 vetustissima
1509 3022 1544 3084 et

262 3128 338 3194 aevi
368 3127 467 3192 medii
497 3147 556 3213 per
580 3127 779 3192 semenstria
805 3125 870 3190 tria
893 3125 1044 3209 interlui3
1083 3126 1165 3191 item
1204 3128 1441 3192 concesserunt
1463 3124 1545 3191 libe·

260 3234 375 3300 raliter
405 3232 445 3301 de
468 3233 601 3298 Bahder
623 3235 658 3298 et
680 3232 822 3299 Koester
844 3234 884 3297 ut
906 3232 1153 3318 frequentarem
1177 3233 1433 3299 exercitationes
1458 3253 1543 3317 quas

259 3343 480 3408 instituerunt
522 3339 563 3405 de
605 3339 838 3405 vetustissima
881 3343 916 3405 et
957 3339 1140 3405 novissima
1183 3339 1297 3421 lingua
1336 3338 1564 3406 Germanica,

260 3449 438 3514 Praeterea
460 3449 638 3512 intereram
659 3446 953 3512 exercitationibus
971 3445 1179 3512 Sanscriticis
1192 3445 1389 3512 Windischii
1406 3444 1543 3511 Graecis

260 3556 406 3621 Martinii
438 3554 563 3622 Geticis
594 3553 759 3618 Sommeri
789 3552 1025 3636 Archaeologis
1053 3551 1277 3620 Studniczkae
1305 3551 1542 3636 Paedagogicis

259 3662 474 3745 lungmanni.
527 3647 677 3746 Denique
706 3661 808 3725 etiam
831 3662 866 3726 in
889 3660 1086 3726 societatem
1109 3658 1271 3726 Graecam
1294 3659 1425 3745 Lipsius
1450 3658 1542 3725 etin

260 3769 391 3836 scholas
423 3789 507 3855 quas
537 3766 657 3832 habuit
684 3766 725 3833 de
748 3767 910 3833 Romanis
939 3767 1210 3853 inscriptionibus
1234 3765 1381 3831 Marxius
1405 3767 1572 3833 comiter

259 3897 312 3942 me
336 3878 541 3962 receperunt.

367 3983 494 4063 Quibus
527 3983 656 4049 cunctis
689 3981 793 4047 doctis
824 3981 904 4046 viris
935 3983 1068 4067 propter
1099 3979 1194 4046 varia
1224 3978 1397 4065 multaque
1424 3979 1459 4043 in
1487 3999 1540 4044 me
1585 4009 1589 4020 ·

259 4090 378 4155 merita
400 4110 489 4156 nunc
512 4090 638 4172 gratias
662 4109 724 4171 ago
741 4109 843 4174 quam
858 4089 1032 4152 maximas.
1055 4086 1237 4172 Praecipue
1254 4107 1332 4153 vero
1348 4091 1541 4152 memoriam

259 4196 579 4264 Wachsmuthii
614 4197 670 4282 qui
701 4196 887 4261 studiorum
917 4214 1064 4261 meorum
1096 4193 1150 4260 vel
1184 4194 1220 4258 in
1253 4198 1404 4259 extrema
1433 4194 1540 4258 morte

259 4309 331 4370 erat
353 4304 468 4370 fautor
490 4303 828 4369 benevolentissimus
850 4302 905 4388 pio
930 4301 1040 4367 animo
1065 4321 1195 4387 semper
1219 4301 1335 4367 colam.
